2317 3500
139 201 175 258 70
468 217 496 270 Q.
521 216 612 260 couvi
635 217 709 258 novt
877 199 950 278 [virli
966 200 1040 275 332]

138 348 188 387 nes
210 331 329 388 interfici
351 331 504 404 ignemque
527 330 611 387 tectis
631 329 708 403 injici
724 329 817 402 jubet.
848 329 901 404 [lt]
925 329 977 386 His
992 348 1045 403 per

138 436 282 492 praecones
297 420 499 492 pronuntiatis,
514 437 597 476 nemo
610 423 706 476 tamma
721 423 848 475 armatus
863 436 946 490 opem
962 436 979 476 a
1000 421 1046 476 dis

138 514 234 581 petere
247 508 414 565 sustinuit²⁸
429 526 434 560 :
457 508 537 582 pueri
552 509 735 580 virginesque
752 509 859 579 templa
870 511 895 545 '⁹
914 510 1048 580 comple-

138 601 248 668 verant,
264 597 317 652 viri
333 598 361 654 in
378 599 517 655 vestibulo
531 614 650 654 suarum
664 597 785 669 quisque
798 597 902 653 aedium
917 600 1046 670 stabant,

138 691 237 758 parata
256 687 437 744 saevientibus
453 687 547 743 turba.
564 685 617 758 [15]
633 685 730 741 Multis
742 692 838 742 tamen
853 686 939 742 saluti
963 687 1047 744 fuere

140 775 260 847 Sidonii,
272 776 321 848 qui
334 776 410 831 intra
418 775 604 830 Macedonum
616 773 878 845 prasidiawerant.
895 775 932 830 Hi
941 777 1046 832 urbem

140 865 253 938 quidem
268 866 344 920 inter
357 864 479 920 victores
500 863 693 931 intraverant3
708 865 768 936 sed,
780 863 960 936 cognationis
978 882 1048 921 cum

138 954 230 1026 Tyriis
244 969 387 1008 memores
407 953 563 1027 -quippe
588 958 741 1026 utramque
760 954 860 1008 urbem
881 955 1049 1026 Agenorem

138 1043 299 1099 condidisse
314 1041 467 1100 credebant
476 1073 511 1084 -
521 1044 628 1098 multos
642 1043 792 1114 Tyriorum
807 1044 880 1097 clam
892 1046 1049 1115 protegen·

139 1136 182 1188 tes
197 1133 233 1188 ad
253 1149 306 1188 sua
319 1132 476 1204 perduxere
491 1133 619 1204 navigia3
635 1131 739 1203 quibus
754 1132 887 1188 occultati
904 1132 1013 1188 Sidona
1022 1138 1048 1170 ⁵¹

140 1221 247 1278 devecti
262 1224 339 1276 sunt.
354 1237 389 1276 xv
410 1219 500 1275 millia
521 1220 572 1274 hoc
585 1220 661 1274 lurto
677 1220 817 1276 subducta
831 1211 947 1274 saevitiae
963 1225 1046 1277 sunt.

140 1309 193 1382 [16]
209 1310 411 1380 Quantumque
427 1307 577 1380 sanguinis
587 1307 688 1364 ⁴lusum
705 1308 743 1364 sit
757 1307 833 1364 vel⁵¹
846 1324 879 1362 ex
894 1309 947 1363 hoc
968 1311 1052 1366 aesti-

139 1395 211 1451 mari
229 1399 334 1467 potest,
350 1397 426 1468 quod
447 1394 524 1450 intra
540 1395 718 1452 munimenta
737 1395 818 1452 urbis
838 1413 866 1452 vr
890 1396 981 1452 millia
1001 1415 1051 1454 ar·

139 1489 283 1540 malorum
292 1489 315 1520 ⁵⁵
325 1484 468 1539 trucidata
477 1487 554 1540 sunt.
569 1483 623 1556 [17]
636 1484 729 1539 Triste
739 1483 841 1540 deinde
850 1487 1050 1555 spectaculum

138 1571 295 1627 victoribus
309 1570 352 1626 ira
366 1571 487 1641 praebuit
500 1571 593 1643 regis:
608 1589 628 1625 n
642 1571 742 1640 millia,
751 1571 780 1626 in
796 1571 899 1644 quibus
911 1572 1052 1630 occiden-

142 1659 186 1715 dis
209 1661 350 1716 desecorat
361 1659 464 1729 rabies,
476 1659 608 1715 crucibus
623 1660 707 1716 adfixi
717 1665 751 1729 ⁵⁴,
766 1677 818 1732 per
832 1661 935 1733 ingens
950 1661 1052 1720 litoris

141 1749 266 1822 spatium
283 1752 488 1824 pependerunt.
507 1749 560 1823 [18]
579 1750 862 1822 Carthaginiensium
875 1750 981 1821 legatis
995 1768 1053 1822 pe-

139 1839 239 1911 percit,
261 1840 357 1896 addita
378 1838 594 1896 denuntiatione
616 1839 683 1895 belli
705 1840 782 1911 quod
802 1837 984 1909 praesentium
1001 1856 1055 1897 re-

140 1944 205 1985 rum
218 1930 372 1986 necessitas
384 1933 556 1985 moraretur.

178 2016 229 2087 [19]
245 2015 375 2087 Tyros⁵⁵‚
386 2015 535 2085 septimo⁵⁶
546 2030 643 2071 mense
657 2018 773 2085 quami⁷
781 2013 941 2092 oppugnari
955 2020 1057 2087 crepta

141 2105 203 2157 erat
213 2106 294 2173 capta
307 2106 363 2157 est:
374 2103 443 2157 urbs
454 2105 483 2157 et
491 2105 633 2157 vetustate
642 2102 763 2175 originis
773 2106 801 2159 et
813 2104 913 2159 crebra
924 2102 1057 2163 fortunae

141 2189 278 2247 varietate
289 2191 324 2245 ad
335 2189 501 2245 memoriam
513 2190 690 2261 posteritatis
701 2190 824 2264 insignis
832 2196 866 2246 ³⁴.
877 2190 1000 2248 Condita
1013 2196 1056 2253 ab

141 2280 283 2350 Agenore,
298 2278 346 2335 diu
357 2294 446 2348 mmo,
461 2294 518 2334 non
532 2278 657 2334 vicinum
671 2282 766 2350 mode,
780 2281 829 2336 sed
843 2279 1058 2354 quodcumque

142 2368 248 2422 classes
272 2367 365 2439 ejus⁵⁹
385 2367 528 2435 adierunt,
550 2368 670 2423 dicionis
685 2386 743 2425 suae
757 2369 833 2425 lecit.
850 2369 896 2437 Et,
915 2369 942 2424 si
964 2369 1058 2431 lamae

142 2455 211 2511 libet
226 2456 420 2527 credere‚baec
435 2473 506 2529 gens
520 2456 633 2513 litteras
648 2458 741 2529 prima
756 2462 806 2514 aut
827 2458 925 2514 docuit
939 2463 991 2514 aut
1005 2462 1060 2518 di-

143 2542 220 2599 dicit.
236 2542 361 2600 Coloniae
373 2546 481 2600 certe⁴⁰
496 2544 558 2616 ejus
577 2544 657 2616 paene
669 2548 737 2602 orbe
752 2550 813 2602 toto
826 2546 938 2601 dillusae
954 2548 1026 2604 sunt
1049 2575 1057 2609 ς

142 2719 168 2747 ,-
185 2702 217 2739 23,
237 2695 358 2747 sustinuit,
373 2708 399 2738 ne
415 2705 453 2753 put
463 2710 484 2740 aa
495 2699 567 2739 resou-
621 2700 765 2741 331314.-
778 2704 811 2741 32.
825 2697 868 2749 nal,
882 2699 893 2739 i
907 2697 978 2740 de'laul
991 2699 1062 2744 d'au-

143 2758 189 2807 dre,
204 2768 251 2811 voy.
272 2756 335 2798 Rem.
355 2762 399 2801 113.
420 2782 446 2789 —
465 2765 498 2803 29.
514 2764 567 2801 tcm-
621 2764 664 2802 tres
678 2770 774 2812 preuves.
794 2782 821 2789 -
838 2766 872 2802 33.
890 2767 1062 2824 onustorum,

141 2820 197 2873 pta,
216 2824 301 2862 surtout
320 2820 339 2861 le
357 2820 435 2875 templa
456 2820 568 2863 d'Hercule
622 2820 741 2876 replicta.
752 2826 784 2865 bl.
799 2844 825 2851 -
839 2828 872 2866 ab.
886 2822 992 2865 millia...
1008 2829 1065 2870 ad.

143 2882 264 2936 (Malkartbl
273 2894 277 2923 :
287 2881 398 2924 c'cstdans
406 2882 567 2936 cotemplequc,
621 2884 673 2936 picci,
686 2895 734 2938 roy.
746 2884 810 2925 Rem.
828 2890 860 2927 37.
878 2908 904 2914 -
916 2890 949 2928 at.
968 2884 1064 2947 Tyros,

142 2943 230 2987 suivant
250 2944 336 2996 Anien,
358 2940 388 2985 lea
409 2942 568 2985 ambassadeurs
623 2958 670 2999 roy.
680 2945 743 2987 liam.
757 2953 768 2989 7
781 2957 803 2987 c.
818 2969 843 2977 —
857 2952 890 2988 36.
900 2948 1009 2999 septimo,
1027 2952 1066 2997 fin

143 3004 289 3057 carthaginois
311 3004 407 3047 s'ttaient
426 3002 527 3056 refugies.
543 3026 570 3035 -
621 3007 691 3061 juillet
703 3014 749 3051 332.
758 3012 825 3050 -37,
836 3019 915 3059 qnam,
928 3019 976 3063 vop.
988 3010 1066 3060 Rem,

144 3071 176 3108 3ο.
202 3067 268 3111 intro
291 3068 413 3121 presidia,
442 3063 516 3109 c.·i-d.
541 3065 569 3106 tn
625 3067 864 3121 162.—3a.insi9nia
881 3068 920 3116 ad,
939 3073 1069 3117 construe-

144 3129 281 3172 enarcitu:a
294 3132 342 3172 titre
355 3127 569 3183 d'auxiliaircs;voy.
624 3129 668 3171 tion
688 3130 731 3170 tres
746 3139 799 3169 rare.
818 3150 845 3159 —
867 3135 899 3172 39.
921 3130 981 3184 ejus,
1003 3142 1070 3193 vop,

145 3190 203 3234 Dici.
224 3188 282 3233 llice.
298 3212 324 3225 -κ
348 3198 380 3237 al.
400 3192 498 3242 Sidona,
519 3202 568 3245 vov.
624 3190 685 3231 ilem.
698 3194 732 3232 oo.
743 3190 813 3230 24⁰.
828 3192 895 3241 certo,
905 3200 932 3229 eu
945 3193 993 3231 tout
1009 3204 1069 3245 eas,
