2317 3500
119 160 225 242 [nrvan
240 161 311 243 333]
477 180 572 223 rinna
593 180 641 222 ιιι.
966 171 1003 225 47

116 296 287 354 «mereris¹⁷
302 298 335 350 ut
354 311 387 352 ea
399 311 547 366 precemur
558 294 610 352 tibi
628 311 691 368 quae
702 296 786 353 Dario
802 304 901 354 nostro
916 313 1006 369 quou-

115 389 179 444 dam
201 389 320 459 precatae
344 403 457 457 sumus,
474 389 503 442 et
518 389 550 441 tu
566 385 629 441 ideo
650 384 754 458 dignus
774 403 804 442 es
827 386 876 458 qni
893 391 1005 443 tantum

113 493 209 549 regem
222 493 278 532 non
294 474 424 532 felicitate
436 476 539 544 solum,
551 475 601 530 sed
615 474 700 530 etiam
713 475 844 546 aequitate
856 493 1005 547 superave-

113 565 161 622 ris.
190 565 241 640 [25]
260 566 301 620 Tu
317 564 430 637 quidem
444 568 566 622 matrem
583 567 675 620 meet
695 565 825 637 reginam
837 583 931 633 vocas,
954 569 1004 623 sed

113 670 166 724 ego
181 669 225 708 me
243 655 322 708 tuem
341 653 475 708 famulam
489 668 552 708 esse
565 651 711 708 confiteor.
728 652 763 706 Et
783 654 932 724 preterire
946 654 1005 709 lor-

113 748 189 798 tunae
208 741 353 815 fastigium
373 742 451 814 capio
464 747 488 781 so
508 745 537 797 et
555 741 702 813 praesentis
720 741 823 813 jugum
839 743 925 812 pati²⁰
938 759 1005 812 pos·

113 847 196 885 sum:
217 834 266 886 tua
284 830 412 898 interest,
432 825 614 903 quantumin
630 847 682 887 nos
694 830 815 899 licuerit,
831 828 855 886 si
870 829 899 886 id
910 830 1004 901 potius

112 919 356 992 clementiaquem
370 919 531 976 saevitiavis
545 935 608 976 esse
620 924 825 976 nstarumw.»
1014 914 1018 918 ’

149 1009 200 1083 [26]
214 1009 269 1064 Rex
280 1010 386 1066 bonum
401 1009 528 1064 animum
541 1009 645 1065 habere
659 1026 707 1065 eas
718 1008 813 1081 jussit.
825 1009 902 1066 Darii
912 1008 1002 1066 filium

112 1099 185 1154 collo
204 1113 254 1154 suo
273 1099 396 1155 admovit
411 1116 419 1152 ε
436 1101 521 1169 atque
539 1097 610 1152 nihil
632 1098 681 1152 ille
699 1101 850 1170 conspectu
866 1102 929 1154 tum
945 1098 1004 1171 pri-

112 1202 190 1242 mum
208 1203 225 1241 a
241 1201 271 1242 se
287 1186 340 1242 visi
360 1186 532 1242 conterritus
552 1185 689 1242 cervicem
711 1185 773 1258 ejus
792 1186 923 1242 manibus
944 1203 1003 1242 em-

111 1275 251 1347 plectitur.
262 1274 355 1331 Motus
364 1275 656 1348 ergorexconstantia
669 1274 761 1347 pueri,
772 1274 1003 1345 Hephaestionem

111 1365 240 1419 intuens:
259 1383 272 1416 c
290 1364 381 1430 Quam
399 1364 502 1419 vellem
519 1382 544 1433 o,
565 1363 668 1436 inquit,
692 1384 705 1416 a
723 1363 824 1420 Darius
841 1363 947 1436 aliquid
968 1381 1001 1420 ex

110 1453 162 1507 hac
180 1453 272 1508 indole
286 1452 443 1508 hausissetl
460 1471 473 1504 ι
494 1452 567 1506 Tum
576 1453 762 1509 tabernaculo
777 1464 919 1525 egressus.

145 1539 199 1612 [27]
214 1539 313 1596 Tribus
329 1540 387 1596 aris
404 1539 433 1595 in
451 1540 514 1611 ripa
530 1539 625 1596 Pinari
640 1541 732 1598 amnis
748 1541 811 1599 Jovi
827 1545 911 1614 atque
926 1541 1000 1598 Her·

110 1628 164 1684 culi
176 1628 361 1702 Minervaeque
372 1629 529 1697 sacratis³¹,
544 1628 655 1701 Syriam
665 1631 746 1701 petit,
758 1632 937 1701 Damascum,
951 1627 1000 1686 ubi

111 1718 185 1791 regis
197 1735 267 1791 geza
279 1722 349 1788 erat,
366 1717 553 1776 Parmenione
567 1718 727 1791 praemisso.

377 1958 526 2009 Parmenion
537 1958 616 2023 prend
630 1956 730 2008 Damas.

143 2118 217 2175 Xlll.
238 2119 271 2191 [1]
290 2120 380 2191 Atque
399 2136 464 2175 cum
485 2119 682 2190 processisset¹
698 2121 726 2174 et
741 2116 818 2173 Darii
833 2119 998 2189 satrapam²

107 2207 233 2283 opperiri
242 2224 271 2263 sc
285 2208 477 2280 comperisset,
487 2210 595 2263 veritus
605 2225 640 2264 ne
649 2208 777 2280 paucitas
791 2223 910 2262 suorum
924 2224 999 2277 sper-

110 2300 236 2361 neretur,
248 2313 387 2353 accersere
402 2295 539 2368 majorem
552 2314 668 2352 manum
680 2295 788 2351 statuit.
804 2294 838 2366 [2]
855 2294 912 2349 Sed
926 2295 998 2351 lorte

105 2384 137 2441 in
147 2385 353 2456 exploratores³
363 2385 397 2440 ab
410 2400 443 2439 eo
456 2383 619 2457 praemissos
631 2382 730 2439 incidit
741 2382 855 2438 natione
870 2382 995 2452 Mardus,

107 2474 168 2547 qui,
191 2474 225 2529 ad
240 2473 426 2529 Parmeniona
439 2475 603 2545 perductus
627 2473 736 2528 litteras
752 2473 787 2527 ad
806 2473 997 2530 Alexandrum

105 2579 123 2619 a
142 2563 271 2635 praelecto
291 2560 421 2619 Damasci
436 2560 538 2617 missas
559 2560 647 2616 tradit
660 2560 685 2616 ei
700 2581 706 2616 ε
720 2578 770 2616 nec
783 2561 912 2619 dubitare
931 2579 997 2618 eum

103 2750 204 2805 corpori
225 2750 325 2806 equivaul
346 2750 358 2791 d
376 2748 479 2801 ceptior.
500 2770 524 2779 -
577 2754 626 2790 tom
650 2748 742 2791 luceo
761 2749 789 2791 tn
806 2759 856 2798 nos,
871 2753 919 2791 etse
933 2753 998 2789 leste

101 2820 138 2858 2⁷.
153 2813 260 2865 mereris,
276 2817 300 2855 lu
311 2824 335 2855 as
346 2809 447 2865 acquislo
460 2808 522 2852 droit.
576 2814 627 2853 tum
644 2811 723 2865 polius
735 2810 856 2853 clementie
867 2821 939 2863 quom
957 2821 997 2850 eae-

100 2896 129 2907 -
146 2881 179 2920 28.
198 2875 319 2930 scultetum
334 2873 410 2927 copie,
421 2873 441 2927 je
455 2872 523 2915 suisa
575 2873 644 2916 vitta.
661 2892 688 2902 -
700 2878 733 2914 31.
748 2873 848 2913 socratis
859 2885 865 2911 .·
875 2882 910 2910 ces
929 2870 997 2910 autals

101 2938 122 2979 la
135 2938 232 2980 hauteur.
241 2959 268 2968 -
279 2943 311 2982 29.
319 2938 406 2993 juetam
415 2935 475 2989 poli,
486 2947 522 2976 er·
576 2934 688 2978 existaient
699 2945 774 2975 encore
793 2944 820 2973 au
832 2936 901 2982 temps
918 2930 945 2970 de
962 2927 997 2977 Ci-

101 2999 199 3052 pressiou
212 2998 316 3055 poetique.
332 3016 357 3028 -
369 3004 402 3041 30.
416 2999 523 3057 testatum
576 2996 652 3047 ceron3
662 2994 690 3036 cl.
706 2994 780 3045 Epist.
793 2992 825 3033 od
837 2992 896 3040 som.
910 2986 994 3059 xm·

101 3060 522 3117 estpassil,cequiesttresrere;con-
601 3057 657 3099 xffl.
680 3063 699 3098 l.
724 3051 881 3104 processisset,
900 3052 1000 3103 suppleat

102 3122 195 3164 struisez
204 3132 209 3163 :
217 3126 258 3165 too
265 3122 360 3166 tolerat
368 3118 522 3176 (c’eet-t-direa
576 3116 711 3160 Parmenio.
733 3134 760 3141 —
771 3118 791 3152 2.
802 3113 933 3163 satrapam.
950 3122 997 3163 vor·

103 3182 176 3225 c’estt
190 3182 217 3226 tol
229 3182 253 3227 de
265 3186 316 3241 loir)
330 3184 397 3228 sicta
407 3183 522 3237 tolanen-
576 3182 638 3224 Rern.
652 3185 672 3222 t.
688 3196 716 3207 -
734 3181 753 3217 ³·
770 3171 936 3225 fflwl'alwt
950 3182 998 3222 Wl-
