2317 3500
110 129 233 212 [eninr.
253 127 323 212 311]
487 155 582 202 uranu
601 149 632 196 x.
954 133 1010 189 319

109 266 196 322 tando
211 263 401 336 aliquantum
426 265 606 320 extraxerant
625 263 773 334 temporis.
797 262 833 318 Et
857 279 917 327 rex,
941 264 1011 319 satis

109 371 219 428 gnarus
250 351 420 426 professioni
451 351 517 408 aris
545 352 694 423 pudorem,
719 368 777 408 non
803 351 1010 409 contumaciam

109 445 234 510 obstare,
255 457 370 498 mensas
384 441 453 498 totis
468 441 568 498 castris
585 439 651 512 poni
667 438 765 510 jussit,
782 444 812 496 et
825 457 844 496 x
859 440 950 497 miliia
968 446 1010 497 ta-

108 531 250 587 lentum¹⁰
273 529 404 602 proferri.
419 529 470 602 [11]
488 531 560 589 Tum
575 529 691 587 demum
706 546 776 584 mun
791 528 846 585 lide
859 528 934 585 iacta
946 546 1012 601 pro-

109 619 196 676 fessio
207 621 259 674 est.
281 617 338 674 Nec
353 618 474 690 amplius
490 635 524 674 ex
540 621 622 676 tante
633 617 755 689 pecunia
771 633 890 690 quemc
910 622 940 674 et
956 635 1012 674 xxx

38 702 43 708 ’
109 708 218 764 talenta
247 708 423 778 superfuere.
449 707 526 764 Adeo
548 707 605 763 illo
630 706 780 770 exercitus,
808 709 853 764 tot
880 705 1013 764 divitissi-

109 813 224 852 marum
250 795 380 868 gentinm
404 795 504 863 victor,
535 797 601 868 plus
624 800 720 852 tamen
745 795 899 852 uictoria²⁰
926 811 1012 866 quam

111 884 388 957 praedaedeportavit
405 901 439 942 ex
455 883 541 942 Asiat
578 936 581 942 .

145 974 197 1047 [111]
224 973 368 1038 Ceterum,
393 978 427 1030 ut
447 973 594 1047 cognitum
612 979 656 1031 est
676 975 749 1033 aiios
773 974 881 1030 remitti
901 975 1011 1041 domos,

109 1063 182 1120 alios
212 1061 341 1130 retineri,
378 1068 544 1135 perpetuam
571 1080 638 1120 eum
662 1063 744 1136 regni
770 1064 865 1119 sedem
892 1061 923 1117 iu
946 1062 1014 1118 Asia

108 1153 276 1210 habiturum
306 1151 373 1222 rati,
398 1153 533 1210 vecordes
561 1157 591 1208 et
622 1152 778 1224 discipline
803 1151 937 1208 militaris
964 1150 1014 1206 im-

109 1259 264 1309 memores,
289 1240 432 1300 seditiosis
461 1241 578 1300 vooibus
606 1246 701 1298 castra
724 1243 881 1314 complent3
907 1258 1014 1313 regeru-

109 1349 166 1405 que
192 1329 315 1388 ferocius
343 1346 429 1402 quam
450 1331 521 1388 alias
542 1330 647 1399 adorti,
671 1347 773 1387 omnes
793 1330 880 1386 simui
901 1327 1014 1385 missio

110 1435 178 1476 nem
209 1418 355 1490 postulare
384 1423 538 1490 ceperunt,
570 1417 711 1474 deformia
747 1435 799 1487 oro
834 1416 1013 1474 cicatricibus

110 1504 302 1576 canitiemque
324 1505 446 1574 capitum
474 1510 660 1564 ostentantes.
683 1507 736 1580 [13]
755 1507 814 1564 Nec
830 1512 881 1564 aut
903 1508 1014 1579 pretec-

110 1601 209 1652 torum
243 1593 427 1664 castigatione
470 1598 521 1650 aut
554 1596 726 1651 verecundia
761 1597 840 1668 regis
872 1596 1012 1663 deterriti,

113 1682 292 1740 tumultuoso
319 1681 442 1736 clamore
465 1684 494 1736 et
515 1681 633 1736 militari
653 1683 788 1738 violentia
809 1685 951 1740 volentem
972 1685 1015 1738 lo-

113 1772 162 1847 qui
187 1770 364 1836 inhibebant,
387 1753 481 1841 palam
500 1770 622 1839 professi
647 1788 789 1842 nusquam
807 1772 883 1838 inde,
910 1771 966 1826 nisi
985 1772 1013 1825 iu

113 1860 246 1931 patriam,
262 1858 414 1929 vestigium
436 1873 498 1915 esse
522 1860 661 1913 moturos.
691 1858 743 1931 [11]
756 1860 880 1914 Tandem
900 1858 1014 1914 silentio

114 1952 200 2017 tucio,
212 1946 306 2019 magis
314 1946 381 2019 quia
392 1950 503 2002 motum
510 1950 530 1983 ’¹
546 1946 864 2019 essecredebautquam
879 1946 945 2018 quia
959 1945 1014 2016 ipsi

115 2037 224 2095 moveri
244 2039 386 2108 poterunt,
408 2034 544 2107 quidnam
570 2038 686 2091 acturus
708 2039 785 2091 esset
805 2036 1013 2107 exspectabant.

151 2126 278 2199 [15111102
290 2124 485 2194 «Quidhaec,e
501 2124 606 2196 inquit,
618 2140 741 2195 «repens
749 2122 941 2180 consternatio
950 2127 974 2159 ²⁵
988 2127 1016 2179 et

117 2217 175 2273 tam
185 2231 288 2287 procax
300 2218 384 2287 atque
397 2214 486 2269 esstrsa
497 2212 612 2269 licentia
621 2212 788 2269 denuntiat?
794 2211 894 2286 Eloqui
907 2216 1013 2269 metuo.

118 2303 215 2361 Palam
229 2309 305 2362 certe
314 2302 432 2375 rupistis
445 2302 646 2373 imperiumst
652 2301 780 2372 precario
789 2306 813 2339 ¹⁸
824 2318 873 2358 rex
883 2318 957 2370 sum,
970 2301 1015 2356 cui

119 2406 175 2446 nou
187 2391 348 2464 alloquendi
356 2396 390 2460 ⁸⁴,
402 2406 459 2445 nou
474 2388 609 2444 noscendi
618 2389 809 2461 monendique
823 2393 872 2446 eut
887 2389 1014 2445 intuendi

119 2494 178 2544 vos,
188 2478 235 2550 jus
243 2476 409 2551 reliquistis.
422 2477 474 2549 [16]
482 2476 622 2550 Equidem
630 2494 694 2533 cnm
702 2477 774 2533 aiios
786 2477 1016 2550 dimittereinpa-

121 2699 177 2741 leurs
188 2710 283 2753 moyeus,
302 2698 334 2740 les
350 2709 404 2750 gens
421 2699 539 2742 iconomus.
594 2700 706 2753 quamdi...
724 2699 756 2742 los
772 2699 826 2742 deux
837 2706 894 2742 mots
904 2700 1016 2741 noscendi

120 2782 144 2791 -
153 2766 185 2805 11.
198 2760 317 2813 talamana,
331 2771 382 2814 roy.
398 2760 462 2802 Rern.
476 2768 500 2804 tc
520 2764 541 2803 ct
593 2761 780 2814 mouendiqncso
794 2760 840 2803 tout
854 2760 1016 2815 oppositiou31e

121 2822 249 2866 otmunt.
274 2844 301 2853 -
324 2826 358 2863 20.
386 2821 487 2865 cicuta
509 2826 542 2865 eet
594 2826 770 2865 eousost:vous
787 2834 813 2864 uo
827 2821 980 2864 m'avcziaissd
996 2822 1016 2865 te

122 2884 165 2936 pris
187 2883 214 2928 ici
237 2895 291 2939 pour
316 2882 337 2927 ie
364 2881 439 2936 abire
465 2882 542 2936 qu’elie
596 2882 1017 2937 urcianirovousparrerranoqoenor)

122 2955 214 2998 procuro.
232 2968 258 2977 —
279 2952 312 2989 2¹.
332 2947 429 2995 matram
443 2944 542 2998 sepultor
596 2943 619 2987 ui
645 2944 672 2986 do
691 2944 801 2985 nunnius
824 2945 871 2995 (vos
891 2944 1015 2997 intentione,

122 3016 203 3061 ΝΜ.
221 3032 248 3041 -
270 3016 304 3053 22.
321 3006 486 3059 commeatio,
507 3008 541 3050 rd-
594 3004 717 3061 mmor)
733 3010 755 3047 ot
777 3005 803 3048 de
820 3017 874 3049 vous
894 3008 945 3051 taire
972 3020 1017 3050 mes

124 3067 193 3122 uultu
205 3082 254 3126 roy.
265 3071 329 3117 Rom.
342 3074 375 3113 aa.
387 3072 455 3112 -2³·
463 3079 544 3122 proco·
596 3066 740 3111 ammaon
751 3066 889 3123 (monendo,
908 3069 929 3113 ni
950 3070 1017 3113 meme

124 3126 167 3180 rto,
187 3140 235 3188 roy.
251 3132 315 3177 lim.
335 3134 379 3174 116.
391 3148 420 3164 -·
434 3132 468 3173 at.
481 3128 540 3173 otto-
597 3129 623 3171 de
644 3140 699 3171 vocs
718 3130 817 3182 regnem
838 3132 972 3187 (imma.
991 3154 1017 3163 -
