2317 3500
99 180 166 262 [dru'
184 178 252 261 332]
457 197 550 240 niens
571 195 618 245 ru.
945 187 983 241 63
1008 218 1012 228 ·

98 311 230 368 debilitati
251 312 365 383 impune
383 310 504 385 navigiis
523 311 612 383 excipi
624 315 751 384 possent.
766 312 800 385 [t]
816 312 873 369 Nee
888 312 985 368 ineen-

98 402 141 458 dio
158 403 252 458 solum
270 417 356 472 opera
373 405 551 472 consumpta,
570 402 620 456 sed
634 402 708 456 lorte
724 403 823 457 eodem
837 401 883 456 die
896 401 983 456 vebo-

97 490 216 547 mentior
243 494 345 546 vontus
372 493 482 546 motum
510 507 543 546 ex
566 490 706 560 profundo
730 488 826 544 mare*
849 488 931 543 illisit
955 488 983 543 in

98 579 208 645 molem,
223 579 384 652 crebrisque
405 579 537 635 ductibus
552 594 702 650 compages
716 578 810 648 operis
830 578 984 633 verberatae

98 669 246 738 laxavere⁸‚
261 683 382 740 saxaque
394 667 561 723 interfluens
568 667 646 722 unde
658 666 782 722 medium
797 683 869 737 opus
879 665 982 736 rupim.

100 755 132 828 [7]
146 755 273 812 Prorutis
288 755 376 828 igitur
390 756 515 827 lapidum
531 755 654 812 cumulis
667 756 771 828 quibus
789 755 893 827 injecta
909 759 986 810 terra

100 843 296 924 sustinebatur,
328 849 468 916 praeceps⁷
488 844 517 899 in
545 845 717 915 protundum
742 844 816 913 ruit,
843 845 985 913 tantaeque

100 931 183 986 molis
199 932 242 988 vix
262 934 320 988 ulla
338 933 460 1004 vestigia
475 932 582 988 invenit
603 933 706 988 Arabia
723 933 855 989 rediens⁸
869 932 986 986 Alexan-

100 1023 159 1076 der.
177 1020 252 1088 Hiel,
271 1024 345 1092 quod
365 1022 394 1077 in
415 1020 542 1078 adversis
565 1022 651 1077 rebus
674 1023 747 1078 solet
766 1021 837 1089 lieri,
860 1021 933 1076 alius
958 1019 986 1076 in

99 1109 185 1166 alium
199 1111 307 1181 culpam
324 1111 486 1166 referebant
497 1114 530 1180 ¹⁰,
551 1125 616 1165 oum
630 1126 729 1166 omnes
740 1110 837 1166 verius
850 1111 885 1165 de
903 1109 987 1164 saevi-

98 1200 139 1255 tia
151 1198 237 1254 maris
253 1200 333 1270 queri
353 1202 479 1270 possent.

134 1286 166 1358 [a]
183 1286 249 1359 Rex,
262 1287 328 1344 novi
340 1286 434 1358 operis
446 1287 550 1344 molem
560 1293 582 1324 ¹¹
598 1303 690 1352 orsus,
705 1286 736 1342 in
753 1287 904 1342 adversum
918 1301 986 1341 ven·

99 1380 160 1432 tum
168 1391 225 1430 non
234 1376 329 1446 latere,
339 1378 388 1432 sod
396 1381 473 1434 recta
486 1376 579 1432 fronte
590 1377 706 1434 direxit:
719 1379 881 1433 ea¹’eetera
892 1391 987 1446 opera,

99 1464 176 1520 velut
196 1464 248 1519 sub
269 1464 330 1534 ipsa
351 1464 478 1536 latentia,
503 1465 655 1520 tuebatur:
671 1465 850 1520 latitudinem
876 1479 988 1535 quoque

100 1552 197 1624 aggeri
217 1551 327 1623 adjecit,
351 1556 383 1609 ut
400 1557 495 1608 turres
516 1552 545 1607 in
564 1553 656 1610 medio
676 1554 801 1609 excitatae
822 1553 920 1624 procul
939 1551 987 1607 teli

96 1638 172 1710 jactu
188 1638 325 1694 abessent.
345 1638 377 1710 [9]
394 1639 479 1694 Totas
498 1642 594 1694 autem
608 1639 723 1694 arbores
744 1653 807 1693 cum
824 1636 989 1708 ingentibus

99 1725 185 1783 ramis
207 1727 343 1783 inultum
363 1728 512 1800 jaciebant,
535 1727 635 1783 deinde
652 1727 726 1783 saxis
747 1727 902 1783 onerabant
922 1741 990 1781 rur-

99 1832 203 1888 susque
214 1816 327 1871 cumulo
341 1832 439 1872 eorum
453 1816 523 1873 alias
542 1817 658 1871 arbores
673 1815 844 1887 injiciebant,
859 1819 921 1869 tum
933 1815 990 1868 hu-

98 1922 163 1961 mus
181 1906 369 1977 aggerebatur
383 1926 390 1961 :
406 1921 492 1977 super
513 1920 576 1975 quae
590 1904 646 1958 alia
659 1906 738 1958 strue
754 1917 886 1957 saxorum
901 1901 989 1956 arho-

98 2009 219 2065 rumque
243 1995 395 2059 cumulata,
415 1993 494 2048 velut
515 1992 638 2064 quodam
656 2008 730 2047 nexu
752 1990 899 2046 continens
919 2004 989 2060 opus

95 2082 256 2154 junxerant.

134 2168 192 2223 Neo
206 2167 291 2239 Tyrii,
305 2167 437 2240 quiequid
446 2170 481 2224 ad
496 2167 705 2239 impediendam
719 2167 824 2223 molem
835 2167 987 2238 excogitari

97 2258 220 2328 poterat,
243 2255 370 2328 segniter
387 2257 620 2328 exsequebantur.
647 2256 698 2328 [10]
721 2254 898 2325 Praecipuum
914 2254 989 2309 auxi-

97 2346 170 2401 lium
192 2345 262 2413 erat,
291 2341 369 2415 qui¹³
396 2344 493 2413 procul
522 2344 648 2399 hostium
681 2344 831 2412 conspeetu
858 2341 991 2397 subibant

97 2448 213 2506 aquam,
229 2431 393 2502 occultoque
410 2431 491 2501 lapsu
510 2432 545 2487 ad
563 2431 668 2487 molem
686 2445 777 2502 usque
793 2431 990 2502 penetrabant,

97 2519 216 2577 falcibus
238 2520 347 2592 palmas
369 2520 502 2574 arborum
523 2519 709 2576 eminentium
733 2520 769 2574 ad
790 2520 991 2588 estimantes,

96 2613 200 2681 quast,
216 2608 264 2664 ubi
285 2610 388 2663 sooutae
402 2611 493 2673 erant,
507 2609 642 2681 pleraque
660 2624 756 2664 secum
773 2608 803 2662 in
819 2607 991 2679 profundum

95 2698 222 2754 dabant:
238 2699 301 2752 tum
314 2696 421 2753 levatos
436 2712 520 2753 onere
538 2697 650 2769 stipites
670 2700 842 2768 truncosque
858 2697 992 2752 arborum

95 2864 140 2918 pris
150 2862 378 2918 impersonnellement.
389 2869 443 2907 -4,
453 2876 518 2909 marc
570 2867 634 2910 alors.
650 2889 678 2898 —
696 2873 729 2910 1⁰.
745 2864 835 2907 ailoe...
854 2861 991 2912 referebam,

95 2930 129 2967 est
148 2926 160 2966 a
177 2925 300 2968 l’eocusatil.
312 2948 338 2959 -·
357 2932 376 2970 t.
401 2926 516 2981 looeunerc,
570 2940 619 2983 vop.
634 2928 697 2969 Rem.
710 2932 742 2971 ad.
761 2947 788 2956 -
809 2930 841 2967 ll.
859 2921 952 2972 molem,
971 2920 993 2962 le

95 2997 144 3039 l⁰l·
162 2986 225 3027 flm-
246 2992 290 3030 ¹⁰³·
302 3008 330 3018 ··
344 2992 365 3030 ⁶·
384 2988 457 3039 Wllt'b
470 2998 517 3043 lor·
570 2990 715 3034 construction
729 2988 792 3030 d'une
808 2981 905 3027 nouvelle
920 2981 991 3035 digne.

95 3046 160 3090 Hm.
170 3053 203 3092 ab.
213 3054 383 3102 -7.praeceps,
396 3059 443 3103 vop.
455 3048 517 3093 aen.
570 3076 598 3085 -
615 3059 646 3096 12.
668 3062 703 3101 eu,
723 3044 852 3089 e’estl-dire
871 3042 952 3086 moles.
965 3060 993 3074 -

97 3114 132 3154 sl.
149 3132 178 3143 -
206 3116 225 3154 a.
248 3112 289 3165 lex)
307 3112 398 3154 Arabio
419 3112 517 3166 rediens,
572 3121 604 3159 13.
615 3112 736 3156 accardum
751 3104 992 3163 maeoticam.

96 3172 518 3225 vox.Reu.lolo.-s.btc,ndrerbe:
572 3180 605 3220 eo.
626 3196 653 3205 -
677 3176 710 3214 ro.
734 3178 784 3221 que
809 3177 833 3209 se
860 3170 957 3221 nppcrte
981 3167 994 3206 t
