2317 3500
286 469 472 560 LIBER
511 470 800 576 QUARTUS

476 745 597 753 --.--.....

112 974 178 1027 mite
197 975 225 1026 de
241 977 394 1029 nannents
415 979 556 1043 l'Enpbrate
569 994 575 1028 :
589 979 608 1028 il
621 979 742 1040 demands
753 979 779 1028 ta
790 980 854 1043 pair.
869 980 938 1031 Prisc
955 981 986 1031 de

141 1047 165 1097 ta
189 1047 301 1098 Pbtnicie
317 1063 361 1113 par
385 1050 529 1100 Alexandre.
551 1077 583 1086 -
606 1050 712 1098 Histoire
735 1051 935 1115 d’bbdatnnpme.
956 1079 987 1090 -

139 1118 254 1170 'tbnbiscn
268 1121 415 1188 d'dmyntcs,
430 1136 458 1171 sa
480 1125 553 1172 mort.
572 1149 599 1158 -
618 1120 707 1171 Efferts
722 1120 824 1170 inutiles
840 1122 884 1170 des
900 1124 987 1172 Perses

139 1204 167 1239 en
181 1189 254 1253 Lydis
272 1194 298 1240 et
310 1205 354 1240 sur
373 1191 398 1242 la
416 1206 469 1242 mer
484 1183 558 1257 ligea.
571 1189 666 1256 Projets
675 1191 767 1256 d'tgis.

143 1329 164 1386 1.
183 1331 217 1404 [1]
231 1332 340 1403 Darius,
355 1336 520 1391 tantimodo
535 1334 673 1391 exercitus
687 1353 745 1404 rex,
754 1336 988 1410 quitriumphan·

109 1420 145 1476 tis
155 1420 245 1491 magis
259 1437 342 1492 quam
357 1421 515 1478 dimicantis
528 1438 616 1486 more,
632 1439 717 1491 curru
730 1423 873 1480 sublimis¹
889 1425 990 1481 inierat

109 1508 246 1580 proelium,
261 1526 310 1581 per
329 1511 391 1566 loca
414 1527 475 1583 quae
489 1527 576 1582 prope
592 1509 737 1568 immensis
756 1513 916 1585 agminibus
935 1514 989 1568 im-

109 1605 241 1676 pleverat,
251 1604 309 1678 jam
322 1605 415 1664 inania
433 1611 461 1664 et
473 1607 581 1679 ingenti
596 1604 844 1679 solitudinevasta,
854 1610 990 1682 fugiebat.

109 1691 144 1765 [t]
158 1692 242 1749 Pauci
254 1709 349 1767 regem
362 1695 552 1767 sequebantur
567 1713 573 1746 ι
588 1712 652 1750 nam
666 1711 717 1752 nec
729 1697 828 1752 ecdem
843 1698 967 1753 omnesi
983 1691 1004 1737 -'

108 1798 173 1853 gam
188 1782 375 1853 intenderant,
389 1788 426 1853 et,
442 1782 871 1855 deficientibus²equis‚cursum
884 1801 992 1854 eorum,

108 1886 180 1942 quos
195 1886 244 1925 rex
254 1870 370 1926 subinde
385 1874 521 1943 mutabat,
537 1886 649 1941 aequare
664 1888 719 1926 non
732 1874 872 1942 poterant.
886 1871 922 1943 [3]
934 1872 994 1926 On-

107 1961 174 2015 chas
188 1958 287 2014 deinde
301 1960 437 2030 pervenit,
448 1960 496 2015 ubi
506 1974 638 2029 excepere
646 1975 711 2014 enm
721 1957 900 2015 Graeccrnm³
914 1963 995 2031 quat

107 2053 174 2104 tuor
188 2047 276 2104 millia
291 2068 298 2103 ε
310 2048 368 2120 jam
382 2049 485 2105 rectius
501 2053 562 2104 tum
574 2049 610 2103 ad
622 2048 784 2119 Euphraten
800 2047 953 2116 contendit,
967 2040 1009 2103 id

108 2137 225 2191 demum
249 2135 365 2190 credens
387 2134 447 2191 tore
468 2135 555 2208 ipsius
577 2136 653 2207 quod
679 2136 822 2192 celeritate
845 2134 995 2207 precipere

107 2224 258 2295 potuisset.

143 2312 178 2385 [t]
188 2310 404 2366 At⁴dtexander
413 2309 641 2382 Parmenionem,
649 2327 792 2383 perquem
801 2312 874 2383 apud
884 2315 998 2369 Damas·

107 2415 176 2455 cum
191 2402 303 2469 recepta
317 2401 378 2453 erat
390 2399 493 2469 praeda,
504 2399 618 2471 jussum
630 2416 692 2455 earn
713 2399 804 2470 ipsam
824 2404 853 2455 et
875 2400 999 2471 captivos

106 2486 241 2559 diligenti
255 2502 401 2543 asservare
415 2487 551 2556 custodia,
561 2488 661 2561 Syriae,
673 2502 759 2557 quam
770 2484 862 2541 Goelen
870 2492 880 2525 ὅ
889 2490 999 2562 vocant,

105 2573 245 2644 praefecit.
263 2574 299 2648 [5]
315 2572 426 2629 Nouum
440 2574 589 2647 imperium
605 2572 680 2647 Syri,
695 2573 821 2627 nondum
836 2574 902 2628 belli
916 2572 1001 2628 cladi·

106 2663 165 2718 bus
179 2663 250 2719 satis
266 2664 376 2735 domiti,
398 2664 620 2735 aspernabantur
636 2683 643 2717 ε
665 2665 724 2732 sed,
739 2661 868 2717 celeriter
882 2659 1001 2725 subacti,

106 2751 286 2808 oboedienter
308 2752 446 2823 imperata
472 2752 607 2809 fecerunt.
632 2752 743 2808 Aradus
771 2765 884 2821 quoque
912 2746 1005 2801 insula

105 2837 227 2895 deditur
240 2838 311 2913 regi.
328 2839 364 2913 [6]
379 2838 548 2895 Maritimam
560 2844 622 2902 tum
635 2855 725 2903 cram,
741 2836 931 2906 ctpleraque⁸
945 2831 1007 2882 lon·

132 2980 152 3025 1.
167 2988 189 3025 ι.
200 2992 275 3025 cnm
281 2982 398 3035 sublimia,
408 2993 456 3035 roy.
470 2982 533 3025 Rem.
587 2986 677 3026 adurent
690 2981 744 3022 dans
754 2976 781 3026 Q.
795 2972 871 3020 Cum,
883 2973 935 3019 wi,
948 2971 1008 3022 aprts
1061 3010 1066 3020 .

106 3048 159 3087 tob.
184 3065 214 3075 -
235 3050 256 3086 2.
282 3044 449 3097 domibus,
478 3045 536 3085 etant
588 3057 617 3087 nn
632 3041 727 3097 (apiendo,
741 3029 1010 3086 umpmndmtentceta

105 3102 209 3157 spuisse.
218 3126 245 3135 -
257 3104 423 3157 adiremus,
436 3105 473 3147 des
482 3116 536 3147 mer·
590 3103 705 3147 narration.
725 3118 753 3130 -·
774 3092 893 3144 titiam,
909 3095 977 3143 *aitte
991 3092 1010 3132 ¹³

107 3165 221 3209 tendim-
234 3187 259 3197 -
271 3172 290 3211 t.
307 3171 339 3218 ct,
349 3167 457 3213 ceneten
469 3165 537 3209 arrius
590 3175 675 3215 creussa
689 3169 739 3211 vo!-
751 3155 816 3196 flm-
830 3155 851 3193 4·
864 3172 890 3181 ··
900 3157 920 3194 θ·
934 3152 1010 3200 ΡΜ
