2317 3500
153 87 211 144 ano
916 61 1004 148 [aur.
1023 63 1090 149 aso]

141 220 143 226 “
190 208 277 270 Haud
291 202 376 263 dubie
396 218 430 258 ex
451 201 644 274 composito⁹
663 198 826 256 Atharrias
841 198 988 270 postulare
1009 199 1089 272 cepit

156 307 189 360 ut
197 298 351 374 Lyncestes
361 293 539 361 Alexander,
553 288 604 363 qui
615 289 714 345 multo
730 292 801 345 ante
814 304 901 362 quam
908 288 1088 346 Philotasre·

122 449 137 466 ,
157 409 223 466 gem
236 383 377 446 voluisset
394 375 542 450 occidere,
558 379 761 436 exhiberetur.
781 376 815 451 [6]
833 378 981 434 Aduobus
993 376 1087 434 indici·

157 484 221 549 bus,
237 475 315 534 sicut
325 487 412 542 supra
423 473 448 506 ¹⁰
463 467 605 534 diximus,
618 468 769 526 delatus¹¹
783 465 900 523 tertium
909 466 969 542 jam
982 484 1086 525 annum

159 563 377 627 custodiebatur
388 559 418 614 in
427 556 568 614 vinculis.
579 557 719 614 Eundem
732 556 764 613 in
779 555 902 630 Philippi
915 575 1027 632 quoque
1037 573 1086 614 cae-

162 662 225 717 dom
247 651 415 724 conjurasse
436 663 508 702 cum
528 645 678 704 Pausania
701 664 758 720 pro
777 649 921 718 comperto
944 647 1011 713 fuil3
1026 645 1084 705 sed.

164 751 231 825 quia
249 745 361 820 primus
385 738 586 794 Alexandrum
609 755 715 812 regem
742 738 926 811 salutaverat,
951 735 1085 810 supplicio

167 837 260 911 magis
271 845 359 906 quam
369 825 486 883 crimini
497 832 522 866 ¹²
532 827 630 884 fuerat
640 830 814 899 exemptus:
827 825 932 900 [altum
946 840 1057 899 quoque
1065 825 1086 858 ¹³

169 920 321 996 Antipatri,
346 913 437 972 soceri
462 914 540 987 ejus,
562 931 665 987 preces
681 917 794 989 justam
812 914 890 989 regis
904 914 976 971 iram
993 927 1085 968 mora-

170 1018 285 1074 bantur.
305 1007 439 1080 Ceterum
462 1003 616 1076 recruduit
636 1007 816 1081 suppuratus
826 1009 850 1042 ¹⁴
863 1004 944 1061 dolor
961 1021 969 1057 t
986 1001 1086 1074 quippe

172 1102 276 1162 veteris
290 1091 409 1171 periculi
427 1093 603 1149 memoriam
617 1093 773 1163 praesentis
786 1110 855 1150 eura
866 1093 1027 1150 renovabat.

212 1191 245 1264 [8]
266 1186 358 1260 Igitur
376 1179 539 1236 Alexander
566 1196 599 1235 ex
618 1180 754 1236 custodia
777 1180 917 1251 educitur,
935 1180 1089 1253 jussusque

178 1281 279 1344 dicere,
294 1283 473 1346 quamquam
483 1270 544 1323 toto
558 1266 688 1323 triennio
703 1267 860 1327 meditatus
876 1271 938 1326 erat
951 1266 1091 1324 detensio-

177 1383 253 1433 nem,
270 1367 367 1418 tamen
379 1354 518 1420 haesitans
535 1357 564 1410 et
575 1355 722 1427 trepidus,
737 1374 828 1429 pauca
841 1375 874 1415 ex
889 1357 924 1413 iis
934 1372 996 1430 quae
1009 1369 1088 1410 corn-

178 1452 312 1528 posuerat
325 1442 457 1518 protulit,
473 1444 510 1498 ad
523 1443 662 1500 ultimum
686 1462 745 1503 non
766 1463 906 1504 memoria
920 1447 1022 1511 solum,
1039 1441 1089 1498 sed

179 1541 264 1597 etiarn
275 1549 366 1596 mens,
380 1545 448 1586 eum
463 1530 604 1587 destituit.
616 1533 651 1605 [9]
662 1533 742 1589 Nulli
752 1539 816 1592 erat
828 1535 945 1592 dubium
957 1531 1024 1606 quin
1033 1533 1089 1585 tre-

179 1628 285 1700 pidatio
299 1618 481 1682 conscientiae
494 1618 633 1675 indicium
646 1626 733 1691 essct,
750 1641 809 1680 non
824 1624 968 1680 memoriae
977 1617 1087 1677 vitium.
1135 1630 1140 1639 ·

181 1718 280 1791 ltaque
298 1731 332 1773 ex
349 1708 425 1767 his¹⁸
440 1707 490 1780 qui
502 1707 626 1779 proximi
638 1709 823 1777 adstiterant‚
834 1712 1025 1769 obluctantem
1039 1705 1089 1763 ad-

180 1807 237 1865 huc
250 1798 387 1864 oblivioni
397 1800 421 1835 ¹⁰
432 1797 568 1853 lanceis¹⁷
582 1800 784 1857 confoderunt.
805 1800 857 1874 [10]
874 1800 962 1873 Cujus
974 1811 1091 1869 corpore

183 1896 288 1963 ablato,
302 1908 353 1947 rex
372 1884 516 1942 introduci
531 1883 620 1956 jussit
633 1887 787 1960 Amyntam
800 1892 828 1945 et
840 1886 992 1943 Simmiam
1004 1904 1013 1941 z
1026 1901 1094 1942 narn

182 1984 331 2050 Polemon,
350 1973 488 2033 minimus
507 1988 541 2028 ex
561 1973 711 2040 fratribus,
727 1993 793 2032 cum
813 1975 948 2031 Philotan
966 1973 1095 2047 torqueri

184 2068 382 2145 comperisset,
400 2061 576 2133 profugerat.
589 2062 642 2134 [11]
653 2064 790 2119 Omnium
805 2063 927 2119 Philotae
937 2062 1097 2119 amicorum

183 2160 213 2216 hi
232 2152 375 2219 carissimi
397 2149 521 2213 fuerant,
534 2148 570 2203 ad
591 2154 745 2222 magnaei
768 2152 912 2207 honorata
933 2149 1097 2206 ministeria

182 2250 260 2307 illius
276 2244 400 2303 maxime
417 2237 623 2309 suffragatione
641 2240 771 2312 producti
786 2258 793 2293 ε
806 2239 1035 2310 memineratque
1048 2255 1096 2295 rex

183 2350 299 2393 summo
327 2327 423 2387 studio
447 2326 482 2381 ab
502 2340 536 2380 eo
561 2327 727 2383 conciliatos
737 2332 761 2367 ¹⁸
782 2326 846 2384 sibi.
865 2327 926 2383 Nec
949 2325 1098 2382 dubitabat

486 87 520 140 0.
545 86 643 132 CURTI
667 83 755 128 RUFl

183 2516 291 2568 tion,voy.
306 2510 367 2551 Rem.
380 2508 426 2547 11⁵.
437 2524 464 2542 -.·
477 2508 497 2546 9.
509 2514 539 2545 em
550 2516 613 2547 com.

179 2578 267 2629 posito,
288 2569 314 2611 de
333 2568 421 2610 concert
440 2562 499 2615 (arec
517 2563 613 2607 Alexan.

182 2638 236 2693 dre).
246 2655 275 2669 -
285 2638 318 2676 1ο.
327 2637 411 2685 supra
422 2635 472 2666 sans
482 2624 548 2667 doute
558 2626 613 2669 dane

181 2700 215 2743 les
233 2700 302 2743 liures
319 2691 404 2745 pardus.
418 2707 446 2716 -
465 2692 497 2728 ll.
512 2686 614 2740 deletae,

182 2758 285 2805 denoncd.
300 2755 333 2797 En
342 2764 365 2795 ce
377 2759 429 2792 sens
444 2746 538 2799 l'emploi
554 2748 580 2790 de
590 2762 613 2791 ca

182 2826 227 2864 mot
239 2822 294 2864 n'ast
306 2827 344 2869 pas
355 2808 471 2863 classique.
482 2815 555 2851 -12.·
567 2812 614 2853 cri-

182 2884 252 2933 mini,
265 2887 315 2930 roy.
326 2876 389 2918 Rem.
406 2877 432 2915 aa
443 2869 462 2910 b.
471 2890 497 2898 -
511 2874 543 2911 la.
557 2881 614 2922 qua

183 2954 233 2996 que,
242 2952 291 2996 roy.
304 2938 368 2979 Rem.
385 2936 424 2978 151
441 2940 463 2973 α.
475 2950 502 2959 -
516 2934 548 2971 ll.
559 2944 615 2987 aust

181 3007 294 3053 paratur,
315 3000 360 3039 mot
378 2993 423 3037 tres
436 2998 496 3039 τιτος
517 2991 615 3048 employa

184 3072 210 3102 au
229 3068 316 3117 propre,
332 3055 348 3097 il
359 3066 382 3096 ee
394 3050 428 3093 dit
440 3046 478 3089 das
490 3046 558 3101 plaies
571 3064 614 3095 non

666 2503 787 2549 cicatristes
800 2500 866 2557 etqui
875 2514 898 2546 se
910 2508 1014 2546 rourrant
1027 2503 1098 2546 fecile-

666 2569 735 2619 ment3
748 2564 786 2616 ic'i,
798 2563 814 2605 il
825 2568 860 2605 est
880 2563 928 2617 pris
945 2576 974 2606 au
990 2564 1059 2617 ligure
1076 2570 1098 2607 el

665 2631 717 2677 peut
728 2626 774 2668 Atre
788 2623 856 2665 rendu
866 2635 906 2677 par
918 2635 960 2665 une
975 2624 1099 2677 metaphora

666 2687 771 2739 analogue
779 2696 784 2727 :
791 2696 829 2726 son
839 2683 992 2725 ressontiment
999 2686 1102 2739 ascopa·

666 2760 688 2791 se
708 2746 806 2791 remilla.
827 2768 855 2777 -
878 2751 910 2788 ¹5.
931 2756 962 2788 σω
981 2746 1028 2797 laia,
1048 2758 1100 2802 vor.

666 2812 729 2853 nem.
744 2816 819 2854 195.-
829 2812 862 2849 1⁶.
873 2806 1032 2849 obluctantem
1042 2810 1103 2851 obli-

666 2871 739 2922 vioni,
746 2865 871 2922 expression
882 2864 986 2919 poetique
994 2865 1103 2922 quiequi-

668 2934 718 2973 raut
727 2931 739 2971 i
749 2942 755 2973 :
767 2924 887 2969 cherchant
897 2926 909 2966 a
919 2936 943 2966 se
951 2928 1102 2971 ressourenir.

659 3008 693 3025 ·-
713 2998 745 3037 ll.
764 2986 865 3039 lemeis,
889 2997 941 3038 roy.
960 2986 1021 3031 Dice.
1038 2989 1103 3033 Hier.

667 3077 692 3085 -
708 3060 740 3097 la.
754 3046 904 3098 conditores,
915 3058 1105 3100 pourccmmen·
