2317 3500
63 179 151 255 [surn
169 164 237 254 313]
445 183 538 236 uteba
559 173 591 234 ir..
910 165 977 236 387·

60 301 138 382 ipsis
148 306 316 381 sanguinem
324 321 385 361 esse
394 305 568 362 fundendum
578 324 585 371 3
596 305 677 360 novis
686 305 851 361 vulneribus
860 310 970 363 veteres

61 397 240 470 rumpendas
247 399 270 432 ²³
286 393 445 450 cicatrices:
460 394 510 466 [11]
525 409 619 460 senae,
639 393 755 460 debiles
774 396 858 450 modo
883 395 970 466 petita

62 489 205 544 missione
217 501 236 539 a
247 482 356 554 justae
365 499 443 556 rege,
458 498 533 538 nunc
543 483 698 540 morituros
711 499 762 554 pro
773 484 899 554 potentia
910 484 969 539 lor-

64 577 144 632 sitan
151 579 174 612 ²³
188 571 318 629 satellitis
333 570 451 643 alicujus
466 569 611 643 ignobilis.

103 664 156 736 [15]
172 662 230 717 Has
249 659 435 731 cogitationes
452 659 643 730 volventibus,
663 677 718 716 nox
732 662 896 733 supervenit
914 666 972 719 ter-

65 766 221 822 roremque
235 748 321 820 aurit.
340 748 445 804 Milites
459 748 489 803 in
509 751 597 811 armis
613 749 791 822 vigilabant:
813 752 970 823 Babylonii,

66 841 165 897 aliuee
175 836 277 906 muris,
286 837 387 892 alius²⁶
400 837 551 894 culmineil
562 839 607 894 sui
621 840 742 911 quisque
754 839 830 904 tecti,
842 857 972 913 prospec-

66 929 179 995 tabant,
198 925 280 998 quasi
294 923 416 980 certiora
432 924 532 980 visuri.
550 925 601 996 [16]
619 925 677 980 Nec
695 925 846 998 quisquam
864 927 974 983 lumina

69 1017 193 1073 audebat
217 1013 383 1070 accendere.
409 1015 455 1082 Et,
478 1012 545 1085 quia
565 1013 713 1070 oculorum
738 1015 868 1070 cessabat
891 1032 990 1086 usus,¹

68 1105 235 1163 lrernitus²⁸
248 1117 388 1175 vocesque
405 1102 522 1158 auribus
541 1101 733 1173 captabant¹⁹‚
750 1119 782 1158 ac
795 1104 972 1176 plerumque,

67 1213 143 1254 vano
156 1197 235 1250 metu
249 1191 351 1262 territi,
366 1208 417 1262 per
434 1192 568 1247 obscuras
584 1190 711 1259 semitas,
729 1191 800 1247 alius
815 1192 863 1247 alii
878 1209 974 1249 occur-

68 1281 305 1352 santes‚invicem
317 1279 439 1351 suspecti
449 1295 480 1335 ac
488 1277 613 1343 solliciti,
623 1278 795 1335 terebantur.
805 1279 857 1352 [17]
869 1279 973 1348 Persae,

68 1373 159 1431 comis
174 1387 226 1427 suo
239 1383 318 1425 more
333 1368 468 1438 detonsis,
478 1369 539 1422 in³⁰
552 1366 670 1440 lugubri
688 1372 777 1436 veste,
793 1383 858 1423 cum
877 1368 975 1441 conju-

70 1464 157 1537 gibus
169 1477 201 1516 ac
215 1456 324 1526 liberis,
339 1473 395 1512 non
410 1462 442 1514 ut
455 1457 593 1514 victorem
608 1460 637 1512 et
649 1458 733 1512 modo
748 1456 870 1525 hostem,
882 1459 931 1514 sed
941 1464 973 1515 ut

71 1548 167 1623 gentis
183 1562 242 1601 suae
255 1543 448 1616 justissimum
467 1559 575 1616 regem,
589 1560 657 1600 vero
671 1545 812 1602 desiderio
826 1547 973 1618 lugebant.
1025 1539 1028 1542 ⁴

72 1634 187 1693 Assueti
209 1632 347 1703 subrogo
366 1631 472 1701 vivere,
492 1647 550 1686 non
570 1632 657 1687 aliurn
673 1634 722 1704 qui
737 1634 890 1704 imperaret
906 1637 976 1707 ipsis

74 1722 236 1797 digniorem
250 1718 337 1775 luisse
352 1719 568 1788 confitebantur.
586 1719 636 1791 [18]
652 1719 710 1776 Nec
721 1721 812 1777 muris
824 1721 904 1778 urbis
918 1724 975 1779 luc-

74 1820 122 1871 tus
136 1809 344 1878 continebatur,
358 1808 407 1864 sed
424 1806 583 1879 proximam
601 1808 747 1880 regionem
764 1810 799 1865 ab
816 1826 859 1874 ea,
877 1810 977 1866 deinde

76 1918 209 1975 magnam
238 1901 348 1970 partem
376 1896 449 1952 Asiae
476 1894 517 1950 cis
542 1894 716 1966 Euphraten,
735 1896 802 1952 mali
825 1898 977 1970 lamaper-

76 1994 199 2048 vaserat.

113 2077 164 2151 [19]
179 2076 222 2132 nd
235 2074 312 2131 Darii
327 2089 440 2147 quoque
452 2075 573 2128 matrem
587 2072 718 2130 celeriter
728 2075 839 2146 perlata
852 2078 904 2131 est.
921 2077 978 2132 Ab·

80 2168 165 2223 scissa
182 2180 250 2237 ergo
274 2167 429 2236 vesteque
453 2162 553 2219 induta
576 2165 648 2232 erat,
671 2163 823 2235 lugubrem
844 2166 976 2237 sumpsit,

81 2254 262 2326 laceratisque
277 2252 413 2319 crinibus,
427 2250 508 2306 humi
520 2265 623 2321 corpus
637 2251 749 2323 abjecit.
764 2252 816 2324 [20]
829 2252 979 2310 Assidebat

81 2344 106 2399 ei
123 2344 209 2399 altera
227 2359 261 2398 ex
279 2341 451 2413 neptibus³¹,
471 2354 563 2409 nuper
579 2337 718 2393 amissum
737 2332 984 2410 Hephaestionemf

83 2432 125 2486 cui
139 2434 282 2503 nupserat,
298 2432 411 2501 ingena,
428 2428 614 2499 propriasque
626 2443 726 2482 causas
740 2427 847 2484 doloris
862 2429 891 2484 in
905 2446 978 2486 conr-

84 2518 158 2575 muni
169 2518 301 2575 mestitia
312 2517 493 2573 retractabat.
506 2516 556 2588 [21]
570 2516 628 2572 Sed
638 2515 764 2572 omnium
774 2534 892 2574 suorum
903 2522 978 2576 mala

86 2605 248 2678 Sisigambis
259 2623 317 2663 una
330 2604 497 2675 capiebat³³.
513 2603 564 2660 Illa
578 2615 671 2676 suam,
684 2605 733 2661 illa
746 2607 875 2678 neptium
888 2608 978 2664 vicem

86 2696 173 2752 tiebat.
195 2695 302 2753 Recens
324 2694 405 2749 dolor
425 2693 510 2749 etiam
529 2694 673 2766 praeterita
693 2700 883 2753 revocaverat.
908 2696 978 2751 Cre-

88 2908 123 2952 roi.
144 2932 170 2944 -
185 2916 219 2955 aa.
237 2906 391 2961 rumpendas,
412 2903 502 2947 rourrir.
557 2914 626 2951 -π,
635 2905 754 2958 promtus,
765 2916 813 2960 roy.
831 2906 894 2950 Rem.
906 2910 940 2951 11.
951 2929 979 2939 -

88 2993 112 3003 -
121 2976 152 3015 24.
163 2973 237 3027 pasto,
250 2969 353 3025 legitimo.
365 2986 390 2999 -·
403 2972 437 3009 25.
454 2967 504 3018 tor·
558 2973 590 3013 29.
598 2969 733 3021 captabant,
742 2968 896 3012 eberchaientd
906 2970 977 3014 saisin

89 3033 152 3084 edon,
162 3044 210 3089 roy.
223 3034 286 3077 Rem.
303 3039 349 3077 ¹88.
361 3052 388 3063 ·-·
400 3034 434 3073 26.
455 3029 503 3071 Ba·
556 3036 621 3074 -3o.
631 3031 667 3083 iu,
679 3042 727 3084 roy.
737 3030 802 3073 Rem.
812 3037 856 3076 111.
864 3056 890 3065 -
901 3040 934 3079 ³1.
945 3036 979 3078 ol-

90 3094 171 3146 eptoatt
182 3096 270 3140 atoue„
287 3094 360 3145 auus,
377 3102 426 3145 voy.
440 3090 503 3132 Rem.
556 3096 605 3133 tera
620 3103 650 3134 em
664 3092 780 3146 neptibus,
794 3093 899 3149 Drype'lis,
912 3108 978 3139 venre

11 3166 12 3174 ¹
92 3158 292 3203 ὅθι-21111111
298 3155 400 3200 cataniae
406 3152 476 3206 suppl.
485 3165 503 3195 e.
557 3152 715 3207 d’lltpbestiom
730 3176 756 3186 —
769 3161 801 3199 aa.
813 3159 923 3213 capiebar,
934 3172 979 3201 res-
