2317 3500
71 137 144 222 [mv.
166 138 304 220 326-325]
436 157 530 201 mnus
551 159 594 203 rx.
905 144 961 201 349

69 275 152 338 metu,
167 269 276 326 hortari
297 286 362 324 eum
383 269 465 341 coepit
480 272 511 324 ut
535 286 564 326 se
590 269 790 326 continendum
813 273 961 342 praeberet,

68 358 133 414 dum
157 358 296 429 spiculum
312 359 459 414 evelleret:
473 377 486 412 r
502 358 588 415 etiam
602 360 693 415 levem
711 358 838 430 corporis
852 364 962 416 motum

68 447 179 504 noxium
193 449 265 504 foro.
282 467 296 499 1>
309 447 360 520 [28]
378 449 444 518 Rex,
458 464 523 503 curn
538 449 717 504 adfirmasset
729 448 799 503 nihil
815 467 886 520 opus
900 467 963 508 esse

67 534 101 592 iis
123 537 172 610 qui
196 539 286 592 semet
304 536 492 605 continerent,
515 535 591 594 sicut
616 540 788 609 praeceptum
807 541 876 608 erat,
901 539 962 600 sine

69 630 145 681 motu
159 625 280 698 praebuit
298 642 409 697 corpus.

101 707 190 786 Igitur
199 718 223 751 ²⁰
246 716 385 786 patefacto
411 715 496 772 latius
518 718 636 772 vulnere
664 719 693 771 et
717 715 826 788 spiculo
850 717 958 787 evulso,

66 803 164 874 ingens
180 801 224 858 vis
241 803 387 875 sanguinis
403 821 518 860 manare
532 804 625 875 coepit,
639 803 786 875 linquique
800 803 894 859 animo
913 820 960 860 rex

65 890 242 964 stratigius
263 891 352 947 oculis
376 893 475 962 olluss,
509 893 587 948 velut
616 891 804 948 moribundus
839 892 961 947 extendi.

99 979 149 1052 [29]
165 979 293 1052 Cumque
317 979 487 1052 profluvium
504 980 718 1037 medicamentis
727 985 750 1017 ²¹
767 980 874 1036 frustra
887 979 961 1036 inhi-

63 1069 171 1139 berent,
194 1070 301 1125 clamor
314 1068 400 1126 simul
423 1072 508 1141 atquc
531 1070 659 1141 ploratus
680 1068 836 1125 amicorum
859 1069 959 1139 oritur,

64 1172 159 1228 regem
176 1156 335 1229 exspirasse
349 1158 536 1214 credentium.
554 1157 679 1213 Tandem
691 1156 820 1213 constitit
832 1158 958 1230 sanguis,
1034 1189 1041 1200 ·

62 1244 253 1316 paulatimque
278 1245 405 1302 animum
437 1245 553 1316 recepit,
578 1248 608 1301 et
630 1245 847 1301 circumstantes
878 1246 958 1316 coepit

64 1349 226 1404 agnoscere.
241 1334 293 1408 [30]
306 1336 376 1392 Toto
391 1352 424 1392 eo
440 1335 495 1404 die,
509 1351 541 1391 ac
554 1337 636 1390 nocte
652 1351 714 1405 quae
729 1338 826 1390 secuta
838 1338 892 1402 est,
914 1351 958 1390 ar-

63 1425 155 1477 matus
179 1423 318 1480 exercitus
335 1424 443 1498 regiam
463 1423 584 1496 obsedit,
598 1424 745 1481 confessus
763 1439 862 1480 omnes
874 1422 958 1480 unius

62 1509 162 1581 spiritu
172 1509 195 1540 ²¹
210 1511 313 1568 vivere.
323 1513 381 1570 Noc
396 1514 476 1585 prius
488 1517 669 1570 recesserunt
682 1530 768 1586 quam
782 1518 958 1586 compertum

61 1601 107 1654 est
125 1613 223 1655 somno
240 1599 383 1672 paulisper
405 1601 597 1672 adquiescere.
617 1601 691 1657 Hinc
706 1601 857 1658 certiorem
878 1619 958 1673 spem

62 1685 161 1742 saluus
173 1685 234 1759 ejus
248 1686 277 1742 in
291 1690 384 1744 castra
398 1688 578 1744 rettulerunt.

105 1970 226 2024 Guerison
240 1970 402 2022 d’dlexundrc
416 1984 422 2019 :
440 1969 458 2018 il
471 1967 578 2033 persiste
593 1970 608 2017 a
622 1966 753 2030 continuer
764 1982 792 2017 sa
804 1967 913 2018 marche.

95 2181 141 2237 Vl.
154 2180 187 2253 [1]
200 2182 265 2253 Rex,
278 2198 318 2238 vu
331 2181 431 2237 diebus
444 2185 543 2239 curato
558 2182 686 2248 vulnere,
702 2182 823 2236 necdum
837 2180 958 2237 obducta

57 2270 198 2339 cicatrice,
212 2289 275 2328 cum
288 2271 415 2328 audisset
426 2271 604 2328 convaluisse
619 2270 694 2342 apud
703 2269 839 2324 barbaros
855 2269 958 2325 lamam

57 2360 159 2416 mortis
182 2376 249 2429 suae,
270 2362 381 2418 duobus
400 2360 521 2433 navigiis
533 2358 650 2431 junctis,
665 2356 752 2413 statui
767 2356 796 2411 in
811 2357 957 2413 medium¹

57 2448 185 2519 undique
207 2450 390 2521 conspicuum
416 2449 632 2506 tabernaculum
656 2444 753 2518 jussit,
782 2462 815 2501 ex
843 2462 900 2517 quo
928 2465 958 2504 se

57 2536 222 2593 ostenderet
235 2538 342 2607 perisse
354 2537 533 2594 credentibus
544 2556 550 2591 :
562 2538 786 2606 conspectusque
798 2535 832 2590 ab
846 2534 956 2603 incolis,
1038 2578 1040 2582 .

55 2638 141 2698 spem
156 2623 291 2693 hostiurn,
309 2624 380 2680 salso
395 2624 494 2679 nuntio
512 2625 687 2693 conceptam,
707 2622 839 2678 inhibuit.
856 2621 890 2694 [2]
907 2621 958 2676 So-

54 2713 152 2768 cundo
175 2710 275 2767 deinde
302 2716 403 2767 anone2
421 2710 547 2779 defluxit,
573 2710 749 2783 aliquantum
774 2707 916 2765 intervalli
942 2723 959 2761 a

53 2956 106 2987 ras.
126 2964 152 2973 -
167 2948 201 2985 2⁰.
220 2940 294 2994 iqilur
313 2952 338 2981 ns
362 2945 420 2995 porte
442 2952 482 2994 quo
535 2938 631 2993 spiritu,
642 2950 679 2993 par
691 2938 711 2979 la
720 2937 754 2980 vic
767 2938 817 2979 d'un
829 2936 883 2990 seul,
895 2937 956 2980 c'est-

52 3014 93 3047 sur
110 3001 202 3046 l'oblatil
213 3002 295 3045 absolu.
316 3023 342 3033 -·
360 3008 397 3045 21.
411 3001 483 3043 medi·
536 3000 603 3044 adiro
610 3012 647 3055 par
660 2999 690 3042 lui
703 3000 757 3043 seul.

53 3065 179 3115 cementis,
191 3076 218 3106 uu
233 3076 281 3107 sens
300 3063 320 3107 lc
332 3062 381 3118 plus
397 3063 482 3113 ttendu,
563 3064 600 3105 Vl.
614 3070 632 3105 1.
646 3060 755 3103 statutio
765 3060 877 3114 medium,
891 3061 917 3104 cl.
931 3066 956 3113 ιῑς

53 3124 144 3182 signitle
153 3125 181 3169 ici
190 3126 307 3183 cppcrcll.
319 3148 346 3157 -
359 3131 392 3171 22.
408 3126 482 3169 unios
537 3130 593 3178 μέσον
603 3126 703 3167 mai.
713 3146 739 3153 -
750 3130 770 3167 2.
783 3133 860 3177 creme,
872 3124 955 3169 suivant
