2317 3500
192 196 245 250 lob
516 203 546 254 o.
570 203 661 247 cunm
686 204 758 246 nuri
920 187 991 268 [duri
1008 185 1081 271 330]

122 353 125 357 ·
186 321 274 394 jussis
286 319 444 392 precedere
458 317 522 374 lixis
534 321 545 355 ²
560 317 881 394 impedimentorumque
902 321 1081 380 custodibus.

189 411 223 483 [6]
238 408 362 466 Consilio
377 409 478 465 deinde
493 409 648 465 advocato:
667 408 723 464 «Si
734 426 799 464 cum
814 409 924 482 ignavis
934 431 961 483 e,
976 411 1083 484 inquit,

191 520 204 552 u
218 503 246 556 et
257 499 347 570 pluris
360 498 594 572 qualemcumque
607 497 695 554 vitam
706 498 826 554 honesta
836 502 928 557 morte
941 501 1084 557 estiman-

189 588 275 659 tibus,
291 589 406 644 iortuna
417 603 464 643 me
479 587 630 660 junxisset,
646 589 768 643 tacerem
789 586 983 661 potiusquam
1005 589 1087 646 irus-v

189 679 234 731 tra
247 677 333 732 verba
346 691 551 731 consumerem.
566 673 603 749 [η
618 674 683 742 Sed,
699 674 807 746 majore
821 693 906 748 quam
920 678 1023 734 vellem
1037 679 1088 733 do-

189 768 320 821 cumento
339 767 367 820 et
385 762 521 819 virtutem
538 767 662 820 vestram
677 766 705 819 et
728 763 811 818 fidem
828 767 969 836 expertus,
989 768 1089 839 magis

189 853 275 910 etiam
294 851 380 909 coniti
401 853 488 908 debeo
506 855 539 908 ut
557 851 662 925 dignus
675 851 781 908 talibus
799 852 896 908 amicis
911 855 976 925 sim,
997 870 1089 926 quam

169 931 172 936 ’
189 942 319 999 dubitare
338 958 373 997 an
393 940 481 998 vestri
495 939 603 997 similes
617 943 708 998 adhuc
722 940 794 997 sitis.
821 940 855 1015 [8]
875 941 915 996 Ex
938 945 981 998 tot
998 943 1090 1000 milli-

155 1098 157 1102 ,
189 1034 242 1088 bus
257 1048 320 1104 quae
336 1031 389 1088 sub
403 1030 521 1103 imperio
534 1031 651 1086 luerunt
668 1047 741 1099 meo,
763 1029 807 1086 bis
829 1047 874 1086 me
894 1031 1016 1100 victum,
1039 1033 1090 1091 bis

191 1121 346 1193 lugientem
359 1119 518 1192 persecuti'
533 1119 611 1175 estis·
636 1120 671 1192 [9]
694 1119 776 1175 Fides
789 1122 886 1176 vestra
899 1124 929 1176 et
949 1124 1090 1178 constan·

189 1211 229 1266 tia
246 1214 279 1266 ut
297 1226 395 1283 regem
409 1225 455 1265 me
469 1225 531 1265 esse
543 1208 658 1264 credam
671 1207 746 1264 facit.
764 1207 927 1264 Proditores
946 1213 974 1265 et
994 1213 1092 1268 trans-

189 1299 264 1370 iugae
275 1297 304 1353 in
316 1298 435 1354 urbibus
449 1297 520 1352 meis
534 1299 657 1370 regnant
667 1315 675 1351 ε
686 1312 753 1366 non,
768 1297 893 1363 hercule,
908 1296 975 1370 quia
984 1302 1091 1358 ⁹tanto

189 1387 297 1442 honore
321 1386 400 1459 digni
423 1387 578 1455 habentur,
600 1385 650 1441 sed
668 1389 701 1441 ut
723 1384 846 1457 praemiis
872 1403 971 1442 eorum
995 1392 1091 1446 vestri

190 1474 377 1532 sollicitentur
391 1474 488 1532 animi.

227 1571 342 1627 «Meam
352 1571 495 1628 fortunam
509 1575 603 1628 tamen
613 1587 699 1645 quam
707 1570 823 1628 victoris
835 1571 977 1628 maluistis
991 1577 1091 1647 sequi,

191 1657 351 1730 dignissimi
369 1660 482 1733 quibus,
502 1658 599 1731 siege
623 1675 679 1715 non
700 1659 817 1730 possim,
843 1659 869 1714 di
887 1675 939 1730 pro
955 1677 1001 1717 me
1021 1679 1095 1734 gra-

191 1747 260 1803 tiam
276 1750 410 1807 referant.
425 1750 470 1819 Et,
485 1747 656 1818 mehercule,
675 1747 809 1805 reserent.
826 1747 880 1821 [10]
897 1747 983 1806 Nulla
991 1755 1015 1788 ¹⁰
1030 1754 1093 1812 erit

192 1840 251 1893 tam
263 1838 350 1893 surda
363 1838 524 1910 posteritas,
540 1838 620 1893 nulla
634 1839 692 1893 lem
712 1835 826 1907 ingrata
843 1837 928 1906 tama,
948 1855 1011 1910 quae
1028 1858 1092 1899 non
1117 1894 1119 1899 .

191 1924 221 1979 in
232 1926 332 1981 caelum
346 1942 397 1983 vos
408 1926 510 1982 debitis
523 1924 655 1982 laudibus
667 1924 749 1981 ierat.
766 1922 875 1997 ltaque,
890 1925 1002 1983 etiamsi
1017 1944 1093 1987 con·

191 2013 288 2070 silium
314 2014 403 2087 fugae,
434 2030 452 2070 a
478 2032 535 2087 qua
559 2014 682 2069 multum
707 2012 841 2069 abhorret
866 2013 993 2088 animus,
1024 2021 1094 2091 agi-

192 2107 308 2170 tassem,
322 2105 418 2158 vestra
431 2107 526 2158 tamen
539 2100 645 2157 virtute
660 2100 750 2157 fretus
764 2100 875 2157 obviam
893 2102 982 2159 issem
995 2104 1091 2165 hosti.

194 2192 245 2267 [11]
257 2193 412 2263 Quousque
420 2191 496 2245 enim
510 2190 540 2244 in
550 2205 640 2261 regno
649 2194 671 2227 ¹¹
685 2190 826 2256 exsulabo,
840 2192 869 2245 et
880 2207 930 2261 per
944 2191 1016 2249 lines
1034 2194 1092 2253 im-

192 2280 263 2352 perii
286 2280 341 2337 mei
367 2279 476 2351 tugiam
504 2281 653 2334 externum
675 2281 704 2335 et
727 2278 863 2335 advenam
886 2294 995 2352 regem,
1021 2299 1094 2343 cum

193 2368 276 2425 liceat
290 2371 405 2439 experto
423 2367 489 2423 belli
514 2367 658 2422 fortunam
681 2369 731 2421 aut
751 2381 884 2437 reparare
903 2382 967 2439 quae
990 2369 1092 2441 amisi,

194 2460 243 2513 aut
256 2456 375 2511 honesta
392 2460 486 2512 morte
504 2452 666 2527 defungie?
683 2450 738 2527 [12]
760 2452 822 2509 Nisi
837 2454 911 2511 lorte
931 2454 1024 2513 satius
1046 2466 1095 2517 est

194 2546 354 2615 exspectare
373 2542 489 2599 victoris
514 2542 678 2609 arbitrium,
703 2544 740 2610 et,
763 2541 858 2597 Mazaei
885 2545 914 2599 et
937 2542 1095 2605 Mithrenis

194 2634 359 2704 exemploffl,
373 2631 532 2703 precarium
545 2630 669 2702 accipere
680 2644 802 2701 reguum
816 2630 939 2687 nationis
952 2632 1051 2703 oniae,
1061 2642 1097 2694 ut

193 2725 251 2797 jam
261 2728 284 2760 ¹⁴
295 2721 374 2777 malit
386 2720 434 2777 ille
452 2720 551 2793 glorie
564 2736 622 2775 suae
637 2736 722 2791 quam
737 2718 787 2774 irae
801 2719 928 2791 obsequi.
952 2720 1005 2795 [13]
1032 2725 1096 2783 Nec

194 2875 215 2916 la
227 2878 286 2916 route
307 2872 344 2916 das
361 2884 473 2916 caravanas
485 2870 612 2914 d'Ecbatane
665 2868 728 2912 nom.
741 2875 787 2912 138.
801 2892 828 2901 -
841 2877 873 2913 10.
890 2871 983 2913 cellae
1001 2874 1098 2930 simple-

195 2936 342 2991 (Hammadan)
364 2937 457 2989 allega
475 2932 612 2987 (Teberanl).
666 2930 1098 2994 mentlavaleurdeeon.-11.ne9no,

195 3021 221 3029 -
240 3006 258 3041 7.
278 2998 344 3049 licie,
362 3010 410 3053 roy.
428 2999 486 3040 Dice.
504 2997 563 3039 Hict.
587 3017 613 3027 -
666 2996 719 3039 dans
741 3008 789 3039 mon
810 3009 898 3051 propre
922 3009 1034 3053 royeume.
1067 3026 1099 3035 -

196 3065 216 3101 t.
225 3060 348 3110 parsecuti,
370 3060 391 3102 la
401 3058 531 3115 prepositiou
543 3056 613 3112 aiente
668 3066 699 3102 12.
711 3062 786 3101 morte
794 3059 899 3115 desueqi,
910 3059 1007 3103 locution
1024 3065 1100 3118 potui.

196 3130 222 3161 au
243 3120 305 3161 verbe
327 3120 389 3165 l’idte
404 3122 431 3166 de
453 3126 574 3172 muscanea,
588 3120 613 3163 de
667 3132 715 3176 que.
728 3144 755 3153 ·-
770 3123 926 3178 imminete,
940 3122 969 3166 ct.
984 3124 1015 3177 V,
1028 3132 1098 3179 neu.

196 3180 387 3237 perseveranda·
398 3190 475 3229 9.eoe
489 3182 554 3235 quie,
564 3194 612 3237 roy.
665 3206 692 3215 -
705 3188 736 3227 ll.
749 3188 775 3227 ut
785 3181 846 3241 jum,
861 3196 887 3229 en
903 3186 1023 3231 admettant
1041 3202 1098 3245 quo.
