2317 3500
175 167 229 222 lte
496 177 527 227 o.
550 175 644 219 cunrr
667 177 740 218 nuri
870 155 983 238 [arven
999 157 1073 238 331]
1134 159 1138 164 ’

171 293 337 366 adjuvantes
350 307 436 364 quam
449 289 652 363 sequebantur.
663 290 716 364 [19]
732 291 794 347 Nox
805 305 918 362 quoque
930 292 958 345 et
971 289 1075 361 ignota

170 381 250 455 regio
264 396 297 438 ac
308 382 365 437 dux
376 411 413 422 —
426 379 595 437 incertum²⁷
613 399 649 437 an
668 382 739 438 satis
754 381 829 437 fidus
843 410 880 421 —
896 378 1075 451 multiplice-

170 471 241 528 bant
252 474 376 528 metum:
391 470 416 527 si
434 471 567 526 custodes
582 470 767 541 refellissetfl,
778 469 860 545 quasi
875 470 950 525 feras
965 467 1076 524 bestias

172 560 249 633 ipsos
272 575 357 632 posse
378 558 560 631 deprehendi.
583 558 623 614 Er
645 551 730 615 uniu‘s
751 557 854 632 captivi
879 558 925 614 rel
946 557 1002 612 fide
1026 557 1076 612 vel

172 648 297 705 anima¹⁰
310 648 435 721 pendere
447 652 476 704 et
489 647 567 721 regis
582 649 704 704 salutem
718 651 746 704 et
756 664 847 704 suam.

208 737 263 810 [td]
278 738 404 794 Tandem
424 753 527 792 venere
542 736 569 790 in
587 737 700 810 jugum.
716 738 738 791 A
751 736 849 791 dextra
860 734 916 790 iter
928 734 964 790 ad
978 733 1077 804 ipsum

173 825 378 882 Ariobarzanen
391 826 462 880 erat.
477 823 530 880 Hic
541 823 684 880 Philotam
692 827 721 880 et
733 823 870 879 Coenon⁵⁰
879 839 944 878 cum
951 823 1079 892 Amynta

173 916 201 969 et
218 914 434 986 Polyperconte,
453 910 612 982 expeditam
628 911 764 968 habentes
782 927 909 981 manum,
925 908 1077 980 relinquit,

174 1000 298 1057 monitos
320 1004 362 1072 ut,
388 1000 456 1072 quia
477 1002 506 1056 ct
518 1017 606 1073 eques
624 999 712 1071 pediti
730 999 786 1054 iret
803 998 920 1063 mixtus,
943 1015 1000 1068 qua
1015 997 1080 1069 pin·

174 1087 345 1161 quissimum
356 1088 536 1145 essetsolum
549 1092 579 1145 et
589 1088 684 1161 pabuli
700 1087 802 1156 fertile,
821 1087 927 1144 sensim
942 1085 1080 1157 procede·

175 1181 253 1233 rent:
263 1177 349 1234 duces
360 1177 442 1232 erant
452 1175 564 1232 itineris
574 1176 609 1232 de
621 1174 739 1246 captivis
745 1179 768 1211 ⁸¹
776 1174 850 1244 dati.
864 1173 916 1248 [21]
934 1173 996 1244 lpse
1010 1190 1081 1230 cum

175 1264 324 1336 armigeris
337 1267 365 1320 et
379 1264 425 1320 ala
435 1280 519 1336 quam
531 1267 659 1336 agema⁵²
667 1261 855 1335 appellabant,
870 1262 959 1318 ardua
972 1261 1082 1320 semita

176 1353 225 1408 sed
243 1352 357 1424 longius
380 1369 397 1408 a
419 1351 590 1407 stationibus
612 1351 737 1406 hostium
755 1354 876 1421 remota,
899 1350 991 1406 multa
1009 1367 1082 1408 cum

177 1439 321 1495 vexatione
333 1438 478 1510 processit.
497 1438 550 1512 [Ξῖ]
564 1438 673 1494 Medius
691 1442 753 1494 erat
765 1438 825 1495 dies
840 1441 868 1494 et
881 1437 1009 1510 fatigatis
1025 1454 1082 1494 ne-

178 1526 298 1583 ccssaria
307 1525 403 1598 quies:
414 1526 516 1598 quippe
530 1527 698 1582 tantundem
709 1526 820 1583 itineris
830 1530 978 1598 supererat
987 1544 1082 1601 quan·

178 1618 239 1670 tum
261 1613 368 1670 emensi
393 1619 483 1683 erant,
507 1617 557 1671 sed
581 1615 676 1672 minus
701 1615 853 1687 praecipitis
875 1617 959 1687 atque
980 1616 1080 1671 ardui.

179 1702 232 1776 [23]
252 1701 359 1775 ltaque,
381 1701 493 1760 resectis
516 1703 578 1761 cibo
602 1719 759 1778 somnoque
783 1703 932 1776 militibuS,
952 1703 1083 1761 secunda

179 1792 275 1865 vigilia
286 1792 388 1864 surgit.

213 1882 248 1937 Et
265 1885 359 1937 cetera
375 1881 490 1953 quidem
507 1882 583 1938 haud
601 1898 677 1953 aegre
700 1880 848 1951 praeterit:
867 1885 1004 1951 ceterum,
1021 1897 1085 1951 qua

178 1986 208 2026 se
226 1970 365 2027 montium
377 1968 480 2041 jugum
491 1970 627 2041 paulatim
641 1970 676 2025 ad
685 1969 814 2042 planiora
828 1968 939 2025 demitti
975 1968 1085 2040 ingens

179 2073 295 2130 vorago,
310 2072 448 2113 concursu
460 2061 558 2113 cavata
569 2056 749 2128 torrentium,
764 2057 820 2113 iter
834 2059 959 2127 ruperat.
970 2056 1024 2131 [24]
1038 2060 1085 2115 Ad

180 2148 232 2203 boc
246 2148 379 2204 arborum
388 2147 471 2216 rami,
483 2147 556 2202 alius
566 2146 622 2202 alio
630 2146 765 2217 implicati
776 2152 805 2203 et
813 2149 998 2215 oobaerenteS,
1015 2153 1085 2205 ut³⁵

180 2238 343 2306 perpetuam
362 2233 523 2307 objecerant
541 2250 655 2305 saepem.
674 2236 839 2308 Desperatio
854 2235 944 2309 igitur
962 2236 1084 2309 ingens,

181 2324 249 2378 adeo
260 2323 347 2379 utrix
359 2323 482 2379 lacrimis
495 2323 679 2393 abstinerent,
695 2324 857 2380 incesserat.
869 2323 921 2397 [25]
932 2324 1086 2397 Praecipue

181 2408 338 2467 obscuritas
352 2410 454 2466 terrori
469 2413 546 2467 erat:
560 2428 638 2480 nam,
653 2410 765 2468 etiamsi
779 2428 836 2487 qua
851 2412 946 2468 sidera
963 2412 1089 2471 interni·

182 2497 287 2567 lebant,
310 2499 467 2555 continenti
485 2500 585 2555 fronde
601 2502 682 2555 tecta
698 2502 814 2557 arbores
831 2500 995 2571 conspicere
1013 2519 1088 2574 pro-

182 2583 323 2641 hibebant.
338 2585 380 2642 Ne
395 2586 507 2642 aurium
527 2589 642 2659 quidem
655 2605 724 2644 usus
737 2591 894 2660 supererat,
908 2588 995 2645 silvas
1008 2608 1089 2663 qua-

184 2673 268 2729 tiente
284 2679 378 2743 rento,
394 2675 452 2746 qui,
469 2676 701 2733 concurrentibus
717 2677 814 2749 ramis,
832 2677 970 2749 maiorem
992 2696 1090 2751 quam

183 2778 232 2834 pro
247 2762 314 2819 llatu
328 2778 430 2818 sonum
441 2761 551 2819 edebat.
568 2762 621 2837 [26]
637 2764 763 2821 Tandem
783 2768 943 2837 exspectata
954 2766 1006 2823 lux
1023 2785 1091 2826 om-

184 2953 212 2996 rls
225 2956 363 3012 euionqaient.
383 2980 410 2989 -
425 2964 459 3001 27.
476 2957 602 3011 tuomum,
656 2961 915 3016 eocmwpflaem.
925 2970 992 3007 tt.—
1004 2970 1042 3009 et.
1059 2967 1092 3011 de

184 3017 307 3067 purentbtse
318 3019 427 3074 trequente
435 3019 518 3070 danao.
527 3018 601 3064 Curce.
656 3024 763 3077 captiuis,
775 3035 822 3078 roy.
833 3024 898 3066 liene.
911 3031 993 3069 tet-
1000 3033 1036 3071 32.
1044 3040 1092 3070 αν·

183 3077 379 3147 -π-Ῑψᾰὴω,
386 3080 484 3133 suppleo:
493 3080 603 3123 duaets’d-
654 3085 758 3139 mipmir,
769 3097 858 3139 upana,
876 3096 926 3139 roy.
939 3087 1002 3129 Dici.
1020 3089 1091 3135 Hier.

183 3136 288 3191 euapput
300 3162 328 3173 —
342 3149 376 3189 2⁹.
387 3144 478 3196 ocimo,
488 3143 508 3185 ta
522 3142 564 3187 rio.
574 3167 602 3176 -
655 3169 681 3178 -
695 3152 727 3191 tt.
740 3151 775 3197 ut,
784 3146 838 3191 dans
855 3146 875 3190 le
894 3159 944 3192 sens
959 3148 985 3191 de
1003 3154 1090 3207 quasi,
