2317 3500
132 142 186 196 138
454 155 483 207 3.
506 155 597 199 cunrr
618 155 692 198 num
717 167 720 173 ·
823 133 934 220 [1111113
953 139 1028 216 331]

127 283 179 323 vos
193 268 238 340 [31]
252 269 381 325 libertate
400 272 484 341 atque
496 269 674 325 immunitate
690 267 821 337 donavit,
839 269 940 326 urbem
957 271 1031 326 reli-

129 356 191 427 quit
206 355 350 426 intactam,
368 373 454 429 agros
466 356 528 413 sine
541 357 649 414 tributo
663 359 755 414 colere
769 355 907 429 permisit.
927 357 950 412 Α
964 359 1031 416 vic-

102 473 106 481 ·
128 443 191 496 1313
205 442 290 499 Dario
303 445 387 514 plura
395 448 486 500 mater
499 461 556 500 non
568 442 758 516 impetrasset.

164 529 215 602 [16]
238 529 375 587 Uxiorum
394 532 458 587 dein
477 536 592 606 gentem
608 532 753 589 subactam
771 532 961 591 Susianorum
984 551 1031 592 sa·

128 621 231 688 113333
244 620 398 676 contribuit
407 624 450 673 ²⁸2
467 620 621 693 divisisque
632 637 698 677 cum
712 622 900 680 Parmenione
925 623 1029 694 copiiS,

129 706 210 762 iilum
224 708 403 780 campestris*
419 708 520 764 itincre
532 709 684 782 procedere
701 709 791 782 jubet,
808 710 868 782 ipse
890 729 956 768 oum
979 702 1033 768 ex-

129 797 224 866 pedito
249 798 361 870 agmine
388 797 491 870 jugurm
515 797 657 855 montium
680 797 754 870 cepit
782 815 905 871 quorum
927 817 1033 872 perpe-

129 886 211 939 tuum
221 887 337 941 dorsum
348 885 377 940 in
388 884 533 942 Persidem
544 886 676 943 excurrit.
689 886 740 960 [17]
753 886 837 942 Omni
847 888 900 943 hac
910 889 1033 960 regione

129 975 248 1041 vastata,
265 973 350 1029 tertio
368 971 414 1030 die
431 974 588 1046 Persidem,
605 973 704 1048 quinto
724 975 881 1047 angustias,
899 991 972 1048 quas
987 975 1033 1032 illi

130 1060 247 1116 Susidas
261 1061 341 1133 pylas
354 1065 466 1129 vocant,
481 1062 578 1119 intrat.
593 1062 794 1120 Ariobarzanes
809 1065 861 1119 has
884 1080 949 1119 cum
973 1082 1032 1121 xxv

129 1147 254 1205 millibus
271 1150 399 1220 peditum
411 1154 605 1222 occupaverat,
620 1166 705 1221 rupes
720 1150 844 1206 abscisas
857 1155 886 1206 31
902 1150 1032 1224 undique

129 1240 297 1309 praeruptas,
312 1236 341 1292 in
354 1254 475 1309 quarum
486 1237 679 1294 cacuminibus
691 1240 771 1294 extra
785 1237 833 1293 teti
841 1237 950 1309 jactum
964 1239 1031 1295 bar·

129 1321 190 1377 bari
210 1324 332 1393 stabant,
352 1325 387 1381 de
408 1325 549 1382 industria
567 1325 656 1398 quieti
675 1330 703 1382 31
720 1326 887 1398 paventibus
907 1325 1031 1398 similes,

130 1410 219 1465 donec
237 1409 266 1464 in
282 1411 440 1468 artissimas
454 1413 548 1468 fauces
562 1416 725 1483 penetraret
742 1431 856 1486 agmen.

166 1495 218 1570 [18]
239 1497 320 1562 Quod
334 1499 381 1554 ubi
396 1503 559 1572 contemptu
571 1501 615 1556 sni
626 1517 745 1575 pergere
759 1501 867 1568 vident,
883 1504 946 1558 tum
960 1519 1032 1561 1313

130 1585 253 1658 ingentis
268 1586 472 1658 magnitudinis
487 1604 554 1644 saxa
567 1605 619 1660 per
639 1588 779 1646 montium
794 1594 914 1660 prona²⁷
930 1589 1033 1646 devol-

131 1679 211 1745 vunt,
231 1694 304 1751 quae,
318 1677 432 1734 incussa
447 1677 550 1751 saepius
566 1679 810 1752 3111)]3331111111318
824 1678 947 1751 [1311133θ
970 1697 1031 1736 ma·

128 1764 189 1837 jore
202 1765 229 1821 vi
245 1765 415 1836 incidebant,
430 1783 482 1823 nec
495 1766 626 1841 singulos
640 1766 1033 1839 modo,sedag1uina³⁰,prc-

130 1854 267 1909 terebant.
285 1853 336 1927 [19]
356 1853 462 1910 Fundis
480 1870 593 1927 quoque
612 1854 722 1911 excussi
743 1853 850 1924 lapides
872 1858 900 1909 et
916 1856 1034 1926 sagittae

130 1940 254 2013 undique
269 1942 482 2014 ingerebantur.
498 1942 556 1999 Nec
572 1943 602 1997 id
614 1942 807 1998 miserrimum
825 1941 947 1999 sortibus
959 1944 1034 2001 viris

130 2034 201 2100 erat,
218 2029 268 2087 sed
283 2030 359 2103 quod
372 2031 466 2101 inulti,
480 2032 557 2104 quod
570 2033 694 2087 serarum
710 2032 778 2103 ritu,
793 2030 881 2087 voluti
896 2029 926 2086 in
948 2032 1037 2091 13133

130 2118 307 2190 deprehensi,
325 2119 499 2175 cederentur
532 2120 583 2193 [20]
605 2118 650 2176 lra
668 2119 758 2193 igitur
771 2120 801 2175 in
813 2118 920 2176 rabiem
935 2136 1034 2193 versa,

131 2206 284 2262 eminentia
298 2223 364 2262 saxa
377 2206 514 2277 complexi
526 2212 559 2263 ut
572 2208 608 2263 ad
622 2208 733 2263 hostem
748 2206 940 2279 pervenirent,
956 2207 1037 2267 alius

132 2292 218 2349 alium
232 2294 368 2363 levantes,
383 2294 559 2351 conabantur
575 2296 736 2351 ascendere.
751 2294 791 2351 Ea
805 2295 908 2367 ipsa⁵¹,
923 2296 1038 2353 multo-

131 2398 195 2436 rum
213 2382 297 2436 simul
313 2382 445 2439 manibus
461 2384 608 2451 convulsa,
623 2381 724 2447 inane,
739 2382 787 2453 qui
806 2390 1036 2453 commoverant,

131 2470 301 2526 recidebant.
311 2471 365 2543 [11]
375 2471 433 2528 Nec
446 2475 523 2527 31313
535 2485 604 2542 ergo
616 2472 748 2541 poterant
763 2485 813 2525 nec
828 2470 919 2538 nina,
929 2488 966 2527 ne
977 2477 1039 2531 133-

131 2558 229 2614 tudine
246 2556 361 2630 quidem
379 2557 503 2631 protegi,
518 2574 582 2612 cum
598 2559 683 2612 tantae
696 2556 779 2612 motis
791 2572 879 2614 onera
889 2562 1039 2630 propelle-

132 2650 195 2702 rent
212 2646 334 2701 barbari.
356 2648 464 2716 Regem
478 2662 534 2701 non
555 2644 637 2700 dolor
651 2645 746 2705 modo.
768 2645 817 2701 sed
837 2646 924 2702 etiam
940 2650 1039 2719 pudor

132 2882 165 2920 25.
177 2876 310 2933 3331111111,
322 2874 433 2919 1611111.-
443 2879 476 2919 23.
489 2885 551 2917 ccm-
605 2872 716 2925 33311113,
726 2873 846 2927 replicari.
855 2880 985 2921 323-13,
994 2891 1039 2933 pe.

131 2941 211 2991 pcctri,
229 2938 307 2981 Arrien
329 2937 374 2992 (111,
392 2950 453 2990 xvnr,
471 2937 498 2991 1),
519 2935 552 2977 dit
606 2936 657 2989 tria,
675 2946 722 2991 131.
742 2935 805 2977 Rem.
823 2942 857 2979 21.
873 2942 1040 2994 -3339111-

132 2998 180 3050 plus
195 3004 331 3052 exactcmeut,
348 3006 397 3042 aava
413 3006 447 3049 aas
461 2998 552 3042 3331311
606 2996 688 3049 nudes
699 2996 813 3041 bateitlons
821 2997 913 3041 3311311.
924 3020 953 3029 -
962 3008 998 3045 ai.
1008 3016 1039 3047 aa

134 3063 165 3109 ιὴν
179 3064 198 3110 1,
209 3066 285 3117 Πιρσας
297 3068 397 3119 ponne.
411 3084 438 3093 —
452 3065 485 3103 27.
496 3069 551 3111 pro
606 3059 667 3112 ipsu,
675 3069 770 3100 marsces
778 3058 891 3103 rocbsrs...
901 3068 968 3105 -32,
978 3065 1037 3118 niti,

132 3133 174 3175 aa,
190 3132 235 3173 131.
259 3124 322 3167 Reum
341 3131 414 3169 13-
428 3130 454 3166 23
474 3121 553 3175 subja·
607 3117 779 3161 monteniacus
796 3118 829 3161 dit
846 3131 898 3165 3133
915 3122 990 3166 moins
1010 3125 1038 3169 de
