2317 3500
290 682 476 771 LIBER
526 681 809 790 QUINTUS.

488 979 615 992 ———

138 1241 226 1292 Darius
242 1255 268 1290 ss
285 1243 359 1292 retire
373 1256 404 1290 en
420 1241 508 1292 llldie.
523 1239 661 1291 Alexandro
683 1240 761 1305 prend
780 1239 890 1304 Arbeles,
913 1239 969 1305 puis

244 1324 313 1371 entre
325 1323 341 1370 A
354 1322 487 1386 Babylone.
500 1321 654 1386 Description
667 1321 698 1372 de
713 1325 777 1371 cette
793 1321 860 1372 ville.

142 1490 164 1546 l.
182 1491 215 1563 [1]
233 1489 300 1555 Quae
313 1489 426 1545 interim
439 1491 541 1546 duetu¹
554 1489 729 1562 imperioque
741 1489 889 1547 Alexandri
902 1493 945 1548 vel
969 1493 998 1549 in

109 1579 210 1634 Graeois
223 1578 267 1633 rel
282 1577 384 1650 Illyriis
399 1594 431 1634 ao
447 1578 564 1653 Thracia
582 1581 659 1649 gesta
676 1583 752 1648 sunt,
767 1579 791 1635 si
808 1580 867 1635 suis
881 1597 998 1653 quaeque

108 1667 282 1738 temporibus
296 1667 430 1723 reddere·
442 1669 568 1738 voluero,
580 1669 614 1740 [2]
626 1668 862 1739 interrumpendae
872 1675 940 1726 sunt
952 1687 998 1727 res

108 1756 190 1825 Asiae,
205 1773 277 1829 quas
294 1756 392 1827 utique
407 1757 441 1812 ad
456 1757 552 1828 fugam
566 1743 744 1827 morte'mque
758 1758 834 1812 Darii
852 1759 998 1814 universas

107 1845 136 1901 in
151 1851 329 1916 conspectum
344 1845 415 1913 dari,
426 1849 463 1913 et,
480 1843 551 1899 sicut
565 1844 639 1898 inter
652 1859 682 1898 se
695 1843 845 1912 eohaerent,
862 1846 901 1900 ita
916 1862 998 1916 opere

107 1933 167 2004 ipso
188 1934 320 2007 conjungi
342 1933 417 1988 haud
437 1934 521 2005 paulo
544 1931 637 2003 aptius
656 1930 745 1987 videri
768 1934 870 2003 potest.
896 1931 996 2004 Igitur,

109 2038 172 2093 qna
187 2022 284 2091 proelio
298 2022 372 2094 apud
386 2020 487 2077 Arbela
498 2020 649 2093 conjuncta
661 2022 737 2088 sunt,
753 2019 848 2074 ordiar
862 2018 963 2075 dicere.

143 2110 177 2181 [3]
193 2110 304 2181 Darius,
316 2110 408 2167 media
425 2110 482 2165 lere
497 2113 577 2165 nocte
588 2108 871 2179 Arbelapervenerat,
885 2108 999 2164 eodem-

107 2213 163 2268 que
179 2215 288 2270 magnae
302 2197 389 2270 partis
404 2197 558 2253 amicorum
571 2196 632 2269 ejus
649 2213 680 2252 ac
695 2194 817 2252 militum
833 2196 928 2268 lugam
944 2197 999 2254 lor-

106 2288 177 2341 tuna
189 2288 370 2358 compulerat.
388 2286 422 2359 [l]
437 2286 546 2352 Quibus
562 2284 732 2355 conuocatis,
749 2284 881 2355 exponit:
898 2284 996 2340 «haud

107 2372 236 2430 dubitare
248 2392 278 2430 se
289 2375 357 2447 quin
366 2374 522 2430 Alexander
531 2372 729 2429 celeberrimas
741 2373 843 2427 urbes³
856 2388 996 2445 agrosque

109 2460 187 2515 omni
203 2461 282 2533 eopia
300 2478 396 2516 rerum
412 2461 585 2516 abundantes
601 2459 741 2530 petiturus
758 2462 852 2514 esset:
873 2462 995 2531 praedam

106 2549 230 2619 opimam
242 2553 422 2622 paratamque
434 2548 526 2620 ipsum
538 2552 567 2603 et
577 2546 755 2619 militesejus
766 2551 901 2619 spectare.
916 2549 950 2622 [5]
965 2550 996 2605 ld

105 2635 168 2693 suis
188 2636 271 2691 rebus
294 2635 342 2691 tali
361 2636 390 2691 in
411 2638 485 2690 statu
509 2634 593 2690 saluti
615 2634 683 2706 tore,
709 2637 812 2706 quippe
834 2653 864 2693 se
885 2639 996 2694 deserta

105 2742 172 2781 cum
190 2724 316 2795 expedita
335 2740 420 2779 manu
440 2722 604 2793 petiturum.
627 2722 732 2778 Ultima
748 2725 828 2796 regni
844 2725 888 2780 sui
905 2726 995 2781 adhue

105 2815 212 2870 intacta
231 2829 302 2882 esse,
322 2813 385 2867 inde
399 2812 471 2867 bello
481 2816 493 2848 ⁴
504 2810 578 2867 vires
591 2811 665 2866 haud
679 2828 753 2883 aegre
767 2817 993 2884 reparaturum⁵.

133 3007 149 3050 t
166 3014 183 3051 t.
197 3008 273 3058 duola,
284 3010 328 3048 mot
344 3002 381 3061 qni
400 3002 522 3060 n'irnpliqua
573 3004 640 3045 ribus
654 3002 755 3053 reddere,
768 3001 838 3043 suirre
849 3001 924 3043 l'ordre
935 3001 995 3043 elno-

106 3079 146 3121 pas
168 3068 189 3111 la
214 3068 316 3111 necessita
336 3066 362 3109 do
382 3067 403 3108 la
425 3066 523 3120 presence
575 3065 698 3119 nologique.
712 3086 737 3094 -
754 3070 773 3106 s.
789 3064 866 3115 urbes,
881 3064 993 3119 Babylone,

107 3130 258 3183 d'Alexandrs;
280 3130 296 3173 il
317 3128 349 3173 n'a
370 3140 411 3184 que
434 3128 453 3171 le
475 3140 523 3171 sens
575 3128 636 3181 Susa,
649 3124 775 3180 Persepolis.
795 3146 823 3157 -
839 3126 993 3181 l.btllo‚voy.

110 3204 178 3246 regne
189 3192 213 3235 de
227 3194 348 3237 directions.
362 3216 387 3224 -
402 3199 422 3236 2.
439 3196 525 3247 tempo·
576 3192 640 3234 Rem.
655 3196 690 3234 92.
703 3210 729 3219 -
745 3194 764 3231 5,
777 3192 952 3241 reparaturum,
969 3189 994 3229 de
