2317 3500
75 142 210 246 [iiiucattii
463 149 573 204 um
594 165 623 208 V·
943 185 997 244 129

74 294 146 347 dinen
171 259 361 366 sustentus
379 265 390 300 ²
451 274 612 373 quadrigae
647 286 722 347 inter
753 310 783 352 se
815 313 994 368 occurrentes
1057 287 1060 291 Α

74 381 123 435 cine
137 382 237 450 periente
255 351 479 434 commeare
491 361 643 461 ‘dmufltufl
667 379 721 452 [25]
735 384 859 446 Altitudo
879 397 955 452 muri
975 417 992 456 ι

73 469 237 524 cubitorum,a
250 436 376 520 eminet·
401 451 537 516 Spano:
556 459 650 520 turres
670 467 749 526 denis
766 476 884 542 pedibus
903 499 988 553 quam

73 571 158 611 murus
186 553 290 609 autores
325 534 435 599 sunt.
483 542 581 604 Totius
614 556 706 624 operis
734 561 857 621 ambitus
884 585 985 628 ccccxv

72 645 152 702 stadia
168 638 390 712 complectitur:
420 629 614 706 singulorum
632 645 790 704 stadiorum
811 655 984 716 structuram

72 733 181 807 singulis
199 731 297 788 diebus
316 715 495 797 perfectam
514 742 578 784 esse
596 734 742 792 memoriae
763 740 908 808 proditum
928 752 980 804 est.

71 821 256 879 AEdificiancn
270 814 340 872 sunt
347 807 474 870 admota
483 815 586 885 muris,
598 819 649 875 sed
656 820 715 877 fere
727 825 851 896 spatium
857 829 952 902 jugeri
958 840 981 872 ⁴³

71 912 154 968 unius
176 909 289 964 absunt.
315 898 368 974 [tt]
389 901 431 955 Ac
458 918 496 957 ne
520 906 611 961 totam
635 908 748 980 quidem
773 916 874 974 urbem
897 922 983 979 tectis

70 997 277 1069 occupaverunt
298 1020 332 1032 -
354 1003 406 1058 ptr
427 1005 500 1046 ιω
523 993 616 1049 stadia
638 981 849 1058 habitabaturu
869 1037 903 1050 -
926 1027 977 1068 uec

70 1085 194 1144 omnia⁴⁸
209 1079 345 1137 continua
358 1078 435 1143 sunt,
450 1079 545 1149 credo,
561 1082 630 1153 quia
644 1085 733 1141 tutius
747 1089 841 1146 visum
856 1098 900 1149 est
914 1099 976 1168 plu-

70 1176 151 1230 ribus
162 1170 233 1231 10ch
242 1182 351 1241 spargi.
365 1160 466 1219 Cetera
477 1172 578 1224 serunt
589 1171 753 1245 coluntque,
768 1180 809 1248 ut,
824 1179 847 1235 si
859 1186 973 1242 externa

69 1263 114 1318 vis
131 1259 259 1332 ingruat,
279 1249 402 1310 obsessis
421 1251 554 1310 alimenta
573 1273 606 1313 ex
626 1257 717 1329 ipsius
731 1263 811 1322 urbis
826 1269 888 1326 solo
903 1273 972 1328 sub-

70 1347 283 1404 ministrentur.

107 1435 163 1508 {2⁸}
177 1432 337 1503 Euphrates
358 1425 502 1497 interfluit,
526 1447 694 1509 magnaeque
711 1439 796 1496 motis
819 1445 969 1516 crepidini-

68 1526 123 1580 bus
137 1522 293 1576 coercetur.
316 1514 372 1571 Sed
384 1515 508 1571 omnium
522 1533 640 1588 eperum
663 1527 890 1598 magnitudinem
910 1536 967 1590 cir-

67 1608 281 1668 cumveniunt⁴⁰
290 1607 443 1659 cavernaeu
451 1603 590 1677 ingentes,
601 1609 628 1664 in
638 1613 816 1672 altitudinem
828 1636 932 1689 pressae
942 1628 966 1662 ⁴⁸

67 1699 105 1755 ad
132 1694 327 1767 accipiendum
346 1690 483 1763 impetum
500 1692 634 1768 fluminis,
653 1703 737 1771 quod,
757 1704 805 1759 ubi
830 1710 964 1779 appositae

67 1783 221 1856 crepidinis
256 1780 403 1852 fastigium
425 1781 552 1845 excessit,
585 1785 663 1841 urbis
695 1791 770 1845 tecta
797 1796 962 1865 corriperet,

64 1872 122 1931 nisi
142 1874 238 1928 essent
257 1884 356 1941 specus
374 1868 507 1939 lacusque
525 1870 574 1941 qui
594 1873 762 1944 exciperent.
787 1878 839 1952 [29]
862 1881 962 1939 Coctili

62 1961 234 2017 laterculo⁴⁹
246 1958 346 2013 structi
362 1957 447 2012 sunt:
463 1958 554 2011 totum
568 1972 640 2029 opus
654 1960 794 2019 bitumine
807 1966 963 2042 adstringi-

60 2056 123 2108 tur.
146 2048 224 2104 Pons
243 2044 380 2117 lapideus,
401 2042 509 2099 tlumini
531 2044 691 2120 impositus,
704 2050 801 2125 jungit
818 2056 917 2113 urbem
925 2062 959 2114 ⁸⁰.
977 2086 979 2092 2

60 2139 117 2196 Hic
140 2148 254 2209 quoque
276 2134 350 2188 inter
372 2130 512 2187 mirabilia
538 2132 662 2193 Orientis
685 2154 770 2210 opera
795 2136 962 2202 numeratus

57 2230 125 2284 est:
143 2224 249 2297 quippe
268 2221 424 2292 Euphrates
443 2219 532 2275 altum
547 2220 648 2279 limum
666 2226 754 2296 vehit,
770 2246 826 2301 quo
844 2232 958 2302 penitus

53 2318 94 2375 ad
109 2315 298 2371 fundamenta
309 2308 435 2382 jacienda
447 2314 554 2381 egesto,
569 2311 616 2367 vix
629 2314 772 2373 sufficiens
787 2320 955 2389 operitirmo

53 2403 255 2478 reppererunt
272 2398 374 2455 selum.
402 2396 573 2468 [³01Arenae
600 2404 695 2459 autem
713 2404 831 2463 subinde
859 2425 958 2467 cumu-

48 2496 138 2562 latae,
165 2493 196 2547 et
216 2488 291 2546 saxis
308 2486 372 2559 quis
393 2500 465 2557 pons
484 2487 641 2547 sustinetur
662 2492 785 2565 adnexa,
807 2504 957 2556 morantur

49 2709 121 2751 Βία.
133 2705 200 2750 urea.
211 2727 236 2738 -
246 2706 281 2745 ta
288 2701 426 2753 mmmm,
435 2710 484 2755 roy.
537 2701 594 2745 leurs
600 2702 681 2757 justiflt
690 2718 728 2761 par
737 2718 765 2751 un
775 2720 864 2765 passage
875 2713 900 2756 de
907 2714 957 2756 Jus-

45 2772 122 2813 Μαι.
151 2768 215 2812 Htet.
228 2787 254 2797 -
271 2770 304 2809 tt.
320 2761 410 2819 mor-i,
435 2772 484 2817 voy-
537 2763 569 2806 tiu
580 2764 658 2820 (xxm,
672 2770 700 2822 1),
715 2770 885 2817 circumuenire
895 2776 956 2818 delo.

44 2833 117 2875 Dict.
142 2829 208 2873 ΗΜ,
224 2850 251 2859 -
268 2831 303 2870 tt.
325 2823 481 2876 habitabatur,
536 2832 597 2871 -47,
618 2840 729 2885 cavernas,
742 2832 780 2875 des
796 2835 916 2879 rtservoirs.
931 2856 959 2868 -

44 2906 108 2948 voy.
138 2891 207 2934 uon.
223 2895 267 2933 ¹09.
292 2910 320 2919 ·-
341 2890 374 2929 tt.
394 2886 483 2939 omnic,
535 2893 569 2933 48.
588 2890 616 2933 tn
636 2892 787 2936 abundiacus
806 2906 899 2948 presse.
924 2910 958 2939 ex·

43 2953 166 3009 supplem
188 2956 251 2993 tecta.
270 2971 297 2981 -
310 2953 344 2992 ts.
358 2945 484 2989 circumua-
536 2950 631 3003 pressior
653 2954 751 3007 petiique
768 2958 873 3001 :creusts
890 2960 901 3001 'a
916 2971 956 3001 une

42 3016 141 3067 ntum,
155 3017 204 3055 mot
213 3011 258 3067 qui,
265 3010 283 3053 si
291 3010 310 3052 1ο
320 3012 375 3052 texts
384 3007 438 3050 n'eat
445 3020 483 3063 pac
536 3013 615 3063 grande
624 3014 790 3067 protendam.-
797 3021 830 3060 tt.
837 3018 955 3066 laterculo.

41 3087 188 3129 wrrompu,
211 3085 236 3116 ne
259 3077 307 3127 pent
328 3068 425 3123 signiter
441 3082 483 3126 pne
535 3085 582 3128 roy.
595 3076 723 3121 tiembec-
739 3098 766 3109 -
779 3081 956 3137 tuqtmpitur-

43 3140 180 3189 mma,
196 3145 329 3188 summm,
351 3142 401 3177 sens
422 3131 483 3175 d'ail·
534 3136 591 3189 bein,
611 3136 657 3181 unit
678 3138 710 3181 les
728 3140 782 3183 deux
795 3141 874 3188 parties
890 3144 917 3191 de
934 3158 955 3191 a

120 3226 320 3271 curura-cuam.
817 3222 832 3273 9
