2317 3500
450 133 690 186 acuminum
724 116 928 198 [arvernarum
952 116 1023 190 3³0]

271 349 342 416 l‘rise¹
351 347 382 398 de
397 346 544 413 Persc'polis.
557 346 712 398 Soumission
724 347 768 398 des
781 348 886 398 ldardes.

168 501 213 557 Vl.
237 501 273 574 [1]
289 501 406 557 Postero
421 501 476 569 die,
491 503 660 556 convocatos
681 501 765 556 duces
780 500 925 571 copiarum
944 499 1031 556 docet

135 591 241 648 nullam
260 589 434 646 infestiorem
456 589 556 644 urbem
580 588 685 644 Graecis
709 603 771 645 esse
795 606 881 661 quam
895 587 1029 661 regiam¹

134 681 260 742 veteriuu
285 676 411 734 Persidis
435 692 546 748 regum.
578 676 650 732 Hinc
675 675 724 733 illa
746 677 884 733 immensa
912 677 1031 748 agmina

134 766 248 823 intusa:
269 765 335 822 binc
354 763 472 820 Darium
492 762 583 834 prius,
608 764 672 820 dein
685 765 815 834 Xerxem,
831 763 950 836 Europae
971 765 1030 820 im-

134 853 211 926 pium
229 851 360 907 intulisse
373 851 488 907 bellum.
505 849 634 907 Exseidio
647 850 724 907 illius
737 853 944 923 parentandum
964 869 1029 908 esse

134 940 300 1014 maioribus.
324 939 358 1012 [2]
380 938 502 1011 lamque
524 938 649 1008 barbari,
676 941 789 996 deserto
819 940 937 1012 oppido,
970 957 1030 1014 qua

134 1046 275 1104 quemque
286 1032 380 1085 metus
392 1029 502 1101 agebat,
518 1027 697 1100 diffugerant,
714 1044 778 1084 cum
793 1045 842 1084 rex
855 1029 1030 1102 phalangem

135 1118 205 1176 nibil
218 1120 366 1174 cunctatus
386 1115 504 1172 inducit.
525 1114 628 1172 Multas
641 1118 726 1173 urbes
743 1117 863 1173 refertas
883 1116 1033 1188 opulentia

135 1207 214 1280 regia
234 1205 338 1279 partim
356 1207 575 1277 expugnaverat,
596 1205 699 1276 partim
719 1204 748 1259 iu
767 1205 851 1260 fidem
870 1207 1031 1276 acceperat,

135 1296 187 1350 sed
204 1294 284 1350 urbis
302 1291 406 1348 divitiae
431 1290 516 1363 hujus
530 1289 623 1347 vicere
637 1291 780 1363 praeterita
793 1290 815 1345 ¹.

171 1381 206 1455 [3]
222 1379 253 1435 ln
263 1379 336 1435 hanc
344 1377 434 1436 totius
443 1376 568 1434 Persidis
586 1394 654 1450 opes
673 1382 876 1452 congesserant
889 1379 1006 1436 barbari
1022 1402 1030 1437 ι

136 1485 237 1526 aurum
245 1471 449 1539 argentumque
461 1467 637 1522 cumulatum
648 1470 719 1537 erat,
734 1467 841 1525 vestis³
850 1467 951 1540 ingens
964 1484 1034 1524 mo-

136 1555 227 1621 dus⁴3
240 1554 366 1625 supellex
379 1570 436 1610 nou
447 1553 482 1608 ad
493 1569 587 1621 usum,
602 1553 652 1610 sed
667 1553 703 1610 ad
714 1554 933 1610 ostentationem
944 1552 1035 1610 luxus

135 1645 305 1712 comparata.
316 1641 353 1714 [t]
364 1640 462 1713 ltaque
476 1640 550 1696 inter
560 1641 636 1713 ipsos
650 1641 772 1698 victores
786 1642 861 1698 lerro
876 1639 1037 1698 dimicaba-

138 1731 345 1803 turzprohoste
353 1727 467 1803 eratqui
473 1730 670 1802 pretiosiorem
677 1734 877 1803 occupaverat⁸
886 1730 1014 1802 praedam
1027 1753 1035 1787 ι

136 1824 175 1890 et,
184 1837 249 1876 cum
263 1818 358 1876 omnia
368 1836 431 1892 quae
440 1818 613 1889 recipiebant
630 1824 747 1890 capere⁶
762 1836 819 1877 uon
831 1822 956 1892 possent,
971 1818 1038 1891 jam

137 1925 250 1966 resnou
264 1909 482 1979 occupabantur,
496 1907 545 1963 sed
560 1907 785 1965 estimabantur.
804 1908 840 1982 [5]
856 1908 1039 1967 Lacerabant

137 1997 230 2069 regias
244 2000 347 2064 restes,
361 1997 397 2051 ad
411 2012 441 2051 se
454 1995 574 2067 quisque
586 2000 695 2068 partem
710 1998 856 2053 trahentes
868 2016 875 2051 ε
885 1996 1038 2053 dolabris⁷

137 2084 267 2158 pretiosa
291 2083 362 2141 artis
385 2099 454 2141 vasa
478 2084 643 2141 cedebant:
671 2084 741 2141 nibil
770 2101 863 2157 neque
889 2085 1039 2145 intactum

137 2178 199 2230 erat
218 2190 310 2245 neque
331 2171 475 2245 integrum
493 2172 654 2229 terebatur:
675 2174 794 2246 abrupta
811 2174 1039 2233 simulacrorum

137 2262 274 2331 membra,
289 2261 455 2333 utquisque
476 2260 621 2331 avelleret,
636 2263 776 2318 trahebat.
800 2261 836 2336 [6]
851 2260 951 2334 Neque
965 2278 1040 2321 ava·

137 2348 203 2403 ritia
214 2351 317 2417 solum,
332 2350 383 2404 sed
400 2349 486 2404 etiam
504 2349 657 2405 crudelitas
672 2350 700 2404 in
720 2352 800 2420 capta
814 2350 883 2405 urbe
899 2358 1040 2422 grassata

139 2438 202 2490 est:
226 2452 295 2491 auro
318 2440 492 2508 argentoque
506 2436 601 2492 onusti
615 2437 700 2492 vilia⁸
714 2437 890 2507 captivorum
911 2452 1041 2509 corpora

140 2524 327 2590 trucidabant,
344 2524 504 2597 passimque
519 2523 594 2579 obvii
608 2524 786 2580 cedebantur
805 2540 876 2596 quoe
895 2530 1041 2597 antepre-

139 2611 211 2665 tium
230 2610 295 2665 sui⁹
314 2608 512 2665 miserabilis¹⁰
529 2610 641 2667 lecerat.
663 2609 699 2685 [7]
717 2612 798 2667 Multi
818 2628 887 2685 ergo
904 2614 1042 2673 hostium

165 2807 205 2850 Vl.
223 2814 244 2850 t.
257 2804 354 2862 repimn.
369 2802 420 2845 ville
432 2804 509 2858 rogato,
529 2802 556 2844 ici
611 2804 661 2840 -6,
670 2810 757 2851 capere,
771 2798 882 2849 garden-
891 2798 1043 2859 scombris,

139 2867 267 2924 Persepolis.
284 2890 311 2900 -
328 2870 350 2909 2.
361 2866 489 2918 preterita,
508 2876 556 2919 aoy.
610 2871 659 2914 roy.
673 2862 731 2903 Diet.
742 2860 802 2902 Hist.
814 2866 867 2903 -a
880 2859 947 2914 attic,
959 2861 986 2905 de
997 2877 1044 2917 pon

139 2930 203 2973 Rom.
216 2936 255 2976 te:
273 2933 320 2973 tout
337 2940 361 2972 cc
378 2927 442 2982 qn'on
460 2926 517 2968 erait
530 2936 558 2968 vu
612 2922 637 2965 de
649 2921 918 2974 raleur,relatirementau
934 2929 992 2967 reste
1010 2928 1043 2972 du

138 2989 308 3043 inequalem-
317 2996 337 3035 s.
348 2991 425 3043 mette,
436 3001 485 3043 roy.
496 2989 558 3031 Rem.
612 2984 846 3039 buliu-spretum
855 2986 902 3037 sut,
914 2997 964 3042 roy.
972 2989 1045 3035 Rene.
1135 2992 1136 2995 ’

140 3051 558 3105 soc.—l.modus‚roy.flan.asa.
614 3053 648 3091 ⁵³.
671 3071 697 3077 —-
723 3054 753 3090 ιο.
776 3046 920 3089 miserabilia
940 3049 1047 3107 fecerat,
1134 3083 1135 3104 ,

140 3114 319 3167 -tmcupcce,
330 3112 419 3166 prendre
430 3112 449 3154 lc
461 3109 557 3166 premier.
613 3110 688 3153 e.-i-d.
701 3113 787 3163 feceret
801 3115 827 3153 ut
836 3110 868 3153 iia
881 3117 1031 3164 parceretur
1038 3130 1048 3168 ,-
