<?xml version="1.0" encoding="UTF-8"?>
<!DOCTYPE html PUBLIC "-//W3C//DTD XHTML 1.0 Transitional//EN"
    "http://www.w3.org/TR/xhtml1/DTD/xhtml1-transitional.dtd">
<html xmlns="http://www.w3.org/1999/xhtml" xml:lang="en" lang="en">
 <head>
  <title>
</title>
<meta http-equiv="Content-Type" content="text/html;charset=utf-8" />
  <meta name='ocr-system' content='tesseract 3.04.00' />
  <meta name='ocr-capabilities' content='ocr_page ocr_carea ocr_par ocr_line ocrx_word'/>
</head>
<body>
  <div class='ocr_page' id='page_1' title='image "./qcurtiirufihist00vogegoog_0248.png"; bbox 0 0 2317 3500; ppageno 0'>
   <div class='ocr_carea' id='block_1_1' title="bbox 97 97 998 2109">
    <p class='ocr_par' dir='ltr' id='par_1_1' title="bbox 97 97 998 965">
     <span class='ocr_line' id='line_1_1' title="bbox 98 97 996 178; baseline -0.008 -17"><span class='ocrx_word' id='word_1_1' title='bbox 98 121 169 178; x_wconf 88' lang='lat' dir='ltr'>quos</span> <span class='ocrx_word' id='word_1_2' title='bbox 181 104 239 177; x_wconf 85' lang='lat' dir='ltr'>jam</span> <span class='ocrx_word' id='word_1_3' title='bbox 254 106 322 159; x_wconf 90' lang='lat' dir='ltr'>tunc</span> <span class='ocrx_word' id='word_1_4' title='bbox 333 104 441 158; x_wconf 83' lang='lat' dir='ltr'>mutato</span> <span class='ocrx_word' id='word_1_5' title='bbox 455 99 570 158; x_wconf 91' lang='lat' dir='ltr'>nomine</span> <span class='ocrx_word' id='word_1_6' title='bbox 583 101 739 173; x_wconf 78' lang='lat' dir='ltr'>Euergetas</span> <span class='ocrx_word' id='word_1_7' title='bbox 754 97 996 171; x_wconf 82' lang='lat' dir='ltr'>appellabaut‚ex</span> 
     </span>
     <span class='ocr_line' id='line_1_2' title="bbox 97 183 997 267; baseline -0.011 -18"><span class='ocrx_word' id='word_1_8' title='bbox 97 210 153 267; x_wconf 91' lang='lat' dir='ltr'>quo</span> <span class='ocrx_word' id='word_1_9' title='bbox 169 193 274 264; x_wconf 79' lang='lat' dir='ltr'><strong>frigore</strong></span> <span class='ocrx_word' id='word_1_10' title='bbox 286 189 430 264; x_wconf 86' lang='lat' dir='ltr'>victusque</span> <span class='ocrx_word' id='word_1_11' title='bbox 445 189 561 262; x_wconf 86' lang='lat' dir='ltr'>penuria</span> <span class='ocrx_word' id='word_1_12' title='bbox 574 186 820 262; x_wconf 78' lang='lat' dir='ltr'>Cpri¹exercitum</span> <span class='ocrx_word' id='word_1_13' title='bbox 829 183 997 242; x_wconf 65' lang='lat' dir='ltr'>adiectum*</span> 
     </span>
     <span class='ocr_line' id='line_1_3' title="bbox 98 276 997 353; baseline -0.009 -13"><span class='ocrx_word' id='word_1_14' title='bbox 98 282 180 340; x_wconf 89' lang='lat' dir='ltr'>tectis</span> <span class='ocrx_word' id='word_1_15' title='bbox 193 285 221 336; x_wconf 90' lang='lat' dir='ltr'>et</span> <span class='ocrx_word' id='word_1_16' title='bbox 234 281 437 337; x_wconf 89' lang='lat' dir='ltr'>commeatibus</span> <span class='ocrx_word' id='word_1_17' title='bbox 447 279 589 353; x_wconf 83' lang='lat' dir='ltr'>juverant.</span> <span class='ocrx_word' id='word_1_18' title='bbox 602 279 635 351; x_wconf 81' lang='lat'>[2]</span> <span class='ocrx_word' id='word_1_19' title='bbox 651 277 774 344; x_wconf 87' lang='lat' dir='ltr'><strong>Quintus</strong></span> <span class='ocrx_word' id='word_1_20' title='bbox 792 276 852 333; x_wconf 90' lang='lat' dir='ltr'>dies</span> <span class='ocrx_word' id='word_1_21' title='bbox 869 277 932 333; x_wconf 85' lang='lat' dir='ltr'>arat</span> <span class='ocrx_word' id='word_1_22' title='bbox 955 278 997 332; x_wconf 86' lang='lat' dir='ltr'>ut</span> 
     </span>
     <span class='ocr_line' id='line_1_4' title="bbox 99 364 993 441; baseline -0.008 -16"><span class='ocrx_word' id='word_1_23' title='bbox 99 370 128 425; x_wconf 92' lang='lat' dir='ltr'>in</span> <span class='ocrx_word' id='word_1_24' title='bbox 152 386 214 426; x_wconf 91' lang='lat' dir='ltr'>eam</span> <span class='ocrx_word' id='word_1_25' title='bbox 236 369 382 441; x_wconf 82' lang='lat' dir='ltr'>regionem</span> <span class='ocrx_word' id='word_1_26' title='bbox 400 372 577 438; x_wconf 90' lang='lat' dir='ltr'>pervenerat.</span> <span class='ocrx_word' id='word_1_27' title='bbox 595 365 748 438; x_wconf 81' lang='lat' dir='ltr'>Cognoscit</span> <span class='ocrx_word' id='word_1_28' title='bbox 762 364 993 432; x_wconf 85' lang='lat' dir='ltr'>Satibarzanem,</span> 
     </span>
     <span class='ocr_line' id='line_1_5' title="bbox 100 451 998 531; baseline -0.008 -16"><span class='ocrx_word' id='word_1_29' title='bbox 100 458 149 531; x_wconf 91' lang='lat' dir='ltr'>qui</span> <span class='ocrx_word' id='word_1_30' title='bbox 164 460 199 514; x_wconf 90' lang='lat' dir='ltr'>ad</span> <span class='ocrx_word' id='word_1_31' title='bbox 214 458 333 514; x_wconf 82' lang='lat' dir='ltr'>Bessum</span> <span class='ocrx_word' id='word_1_32' title='bbox 345 458 495 526; x_wconf 76' lang='lat' dir='ltr'>defecerat,</span> <span class='ocrx_word' id='word_1_33' title='bbox 513 473 578 512; x_wconf 92' lang='lat' dir='ltr'>cum</span> <span class='ocrx_word' id='word_1_34' title='bbox 601 455 729 529; x_wconf 90' lang='lat' dir='ltr'>equitum</span> <span class='ocrx_word' id='word_1_35' title='bbox 747 470 834 510; x_wconf 90' lang='lat' dir='ltr'>manu</span> <span class='ocrx_word' id='word_1_36' title='bbox 852 451 998 522; x_wconf 79' lang='lat' dir='ltr'>irrupisse</span> 
     </span>
     <span class='ocr_line' id='line_1_6' title="bbox 99 537 998 612; baseline -0.007 -14"><span class='ocrx_word' id='word_1_37' title='bbox 99 559 200 598; x_wconf 91' lang='lat' dir='ltr'>rursus</span> <span class='ocrx_word' id='word_1_38' title='bbox 212 541 240 597; x_wconf 92' lang='lat' dir='ltr'>in</span> <span class='ocrx_word' id='word_1_39' title='bbox 251 540 342 597; x_wconf 73' lang='lat' dir='ltr'>Arios,</span> <span class='ocrx_word' id='word_1_40' title='bbox 359 541 458 612; x_wconf 89' lang='lat' dir='ltr'>ltaque</span> <span class='ocrx_word' id='word_1_41' title='bbox 471 539 615 596; x_wconf 90' lang='lat' dir='ltr'>Caranum</span> <span class='ocrx_word' id='word_1_42' title='bbox 627 544 653 595; x_wconf 89' lang='lat' dir='ltr'>et</span> <span class='ocrx_word' id='word_1_43' title='bbox 671 537 820 611; x_wconf 83' lang='lat' dir='ltr'>Erigyium</span> <span class='ocrx_word' id='word_1_44' title='bbox 832 554 898 594; x_wconf 91' lang='lat' dir='ltr'>cum</span> <span class='ocrx_word' id='word_1_45' title='bbox 907 538 998 593; x_wconf 81' lang='lat' dir='ltr'>Arta-</span> 
     </span>
     <span class='ocr_line' id='line_1_7' title="bbox 99 626 996 698; baseline -0.004 -14"><span class='ocrx_word' id='word_1_46' title='bbox 99 630 166 684; x_wconf 82' lang='lat' dir='ltr'>bazo</span> <span class='ocrx_word' id='word_1_47' title='bbox 180 631 209 684; x_wconf 91' lang='lat' dir='ltr'>et</span> <span class='ocrx_word' id='word_1_48' title='bbox 223 628 380 684; x_wconf 86' lang='lat' dir='ltr'>Andronico</span> <span class='ocrx_word' id='word_1_49' title='bbox 396 631 425 683; x_wconf 89' lang='lat' dir='ltr'>et</span> <span class='ocrx_word' id='word_1_50' title='bbox 442 644 471 684; x_wconf 87' lang='lat' dir='ltr'>vr</span> <span class='ocrx_word' id='word_1_51' title='bbox 490 627 615 684; x_wconf 89' lang='lat' dir='ltr'>millibus</span> <span class='ocrx_word' id='word_1_52' title='bbox 629 627 790 683; x_wconf 80' lang='lat' dir='ltr'>Graecorum</span> <span class='ocrx_word' id='word_1_53' title='bbox 807 626 934 698; x_wconf 88' lang='lat' dir='ltr'>peditum</span> <span class='ocrx_word' id='word_1_54' title='bbox 956 641 996 680; x_wconf 85' lang='lat' dir='ltr'>co</span> 
     </span>
     <span class='ocr_line' id='line_1_8' title="bbox 99 711 998 788; baseline -0.004 -16"><span class='ocrx_word' id='word_1_55' title='bbox 99 715 198 787; x_wconf 80' lang='lat' dir='ltr'>misit3</span> <span class='ocrx_word' id='word_1_56' title='bbox 214 733 284 788; x_wconf 82' lang='lat' dir='ltr'>quos</span> <span class='ocrx_word' id='word_1_57' title='bbox 301 733 335 772; x_wconf 89' lang='lat' dir='ltr'>nc</span> <span class='ocrx_word' id='word_1_58' title='bbox 355 715 464 788; x_wconf 78' lang='lat' dir='ltr'>equites</span> <span class='ocrx_word' id='word_1_59' title='bbox 482 716 682 788; x_wconf 80' lang='lat' dir='ltr'>sequebantur.</span> <span class='ocrx_word' id='word_1_60' title='bbox 700 715 735 788; x_wconf 74' lang='lat'>[3]</span> <span class='ocrx_word' id='word_1_61' title='bbox 758 713 820 786; x_wconf 88' lang='lat' dir='ltr'>lpse</span> <span class='ocrx_word' id='word_1_62' title='bbox 837 730 873 770; x_wconf 82' lang='lat' dir='ltr'>ux</span> <span class='ocrx_word' id='word_1_63' title='bbox 890 711 998 768; x_wconf 85' lang='lat' dir='ltr'>diebus</span> 
     </span>
     <span class='ocr_line' id='line_1_9' title="bbox 99 800 998 884; baseline -0.003 -24"><span class='ocrx_word' id='word_1_64' title='bbox 99 808 213 877; x_wconf 90' lang='lat' dir='ltr'>gentem</span> <span class='ocrx_word' id='word_1_65' title='bbox 244 805 450 884; x_wconf 86' lang='lat' dir='ltr'>Euergetarum</span> <span class='ocrx_word' id='word_1_66' title='bbox 478 804 620 860; x_wconf 86' lang='lat' dir='ltr'>ordinavit</span> <span class='ocrx_word' id='word_1_67' title='bbox 634 805 654 875; x_wconf 78' lang='lat'>⁸,</span> <span class='ocrx_word' id='word_1_68' title='bbox 683 820 787 876; x_wconf 87' lang='lat' dir='ltr'>magna</span> <span class='ocrx_word' id='word_1_69' title='bbox 810 800 930 875; x_wconf 89' lang='lat' dir='ltr'>pecunia</span> <span class='ocrx_word' id='word_1_70' title='bbox 954 801 998 857; x_wconf 93' lang='lat' dir='ltr'>ob</span> 
     </span>
     <span class='ocr_line' id='line_1_10' title="bbox 100 891 632 965; baseline -0.004 -17"><span class='ocrx_word' id='word_1_71' title='bbox 100 891 245 965; x_wconf 87' lang='lat' dir='ltr'>egregiam</span> <span class='ocrx_word' id='word_1_72' title='bbox 258 891 286 946; x_wconf 91' lang='lat' dir='ltr'>in</span> <span class='ocrx_word' id='word_1_73' title='bbox 302 891 407 965; x_wconf 81' lang='lat' dir='ltr'>Cyrum</span> <span class='ocrx_word' id='word_1_74' title='bbox 419 892 503 949; x_wconf 89' lang='lat' dir='ltr'>fidem</span> <span class='ocrx_word' id='word_1_75' title='bbox 518 894 632 951; x_wconf 81' lang='lat' dir='ltr'>donata</span> 
     </span>
    </p>

    <p class='ocr_par' dir='ltr' id='par_1_2' title="bbox 100 977 998 1670">
     <span class='ocr_line' id='line_1_11' title="bbox 136 977 998 1054; baseline -0.002 -18"><span class='ocrx_word' id='word_1_76' title='bbox 136 981 170 1054; x_wconf 81' lang='lat' dir='ltr'>[t]</span> <span class='ocrx_word' id='word_1_77' title='bbox 185 981 291 1037; x_wconf 86' lang='lat' dir='ltr'>Relicto</span> <span class='ocrx_word' id='word_1_78' title='bbox 304 981 415 1052; x_wconf 89' lang='lat' dir='ltr'>deinde,</span> <span class='ocrx_word' id='word_1_79' title='bbox 430 981 478 1054; x_wconf 89' lang='lat' dir='ltr'>qui</span> <span class='ocrx_word' id='word_1_80' title='bbox 493 981 680 1053; x_wconf 86' lang='lat' dir='ltr'>iispraeesset‚</span> <span class='ocrx_word' id='word_1_81' title='bbox 696 977 998 1038; x_wconf 80' lang='lat' dir='ltr'>Amedine-scriba⁴</span> 
     </span>
     <span class='ocr_line' id='line_1_12' title="bbox 100 1063 997 1139; baseline -0.002 -19"><span class='ocrx_word' id='word_1_82' title='bbox 100 1066 124 1122; x_wconf 85' lang='lat' dir='ltr'>is</span> <span class='ocrx_word' id='word_1_83' title='bbox 140 1067 217 1123; x_wconf 87' lang='lat' dir='ltr'>Darii</span> <span class='ocrx_word' id='word_1_84' title='bbox 231 1067 332 1137; x_wconf 85' lang='lat' dir='ltr'>luerat,</span> <span class='ocrx_word' id='word_1_85' title='bbox 353 1100 386 1108; x_wconf 97' lang='lat'><em>-</em></span> <span class='ocrx_word' id='word_1_86' title='bbox 400 1067 596 1137; x_wconf 72' lang='lat' dir='ltr'>Arachosiosl,</span> <span class='ocrx_word' id='word_1_87' title='bbox 615 1083 737 1139; x_wconf 90' lang='lat' dir='ltr'>quorum</span> <span class='ocrx_word' id='word_1_88' title='bbox 758 1067 837 1139; x_wconf 90' lang='lat' dir='ltr'>regio</span> <span class='ocrx_word' id='word_1_89' title='bbox 857 1066 894 1121; x_wconf 88' lang='lat' dir='ltr'>ad</span> <span class='ocrx_word' id='word_1_90' title='bbox 912 1063 997 1120; x_wconf 91' lang='lat' dir='ltr'>Pou-</span> 
     </span>
     <span class='ocr_line' id='line_1_13' title="bbox 101 1153 998 1228; baseline -0.002 -18"><span class='ocrx_word' id='word_1_91' title='bbox 101 1155 188 1210; x_wconf 92' lang='lat' dir='ltr'>ticum</span> <span class='ocrx_word' id='word_1_92' title='bbox 204 1171 281 1210; x_wconf 89' lang='lat' dir='ltr'>mare</span> <span class='ocrx_word' id='word_1_93' title='bbox 295 1155 426 1227; x_wconf 83' lang='lat' dir='ltr'>pertinet,</span> <span class='ocrx_word' id='word_1_94' title='bbox 439 1155 560 1227; x_wconf 88' lang='lat' dir='ltr'>subegit.</span> <span class='ocrx_word' id='word_1_95' title='bbox 578 1153 619 1210; x_wconf 91' lang='lat' dir='ltr'>Ibi</span> <span class='ocrx_word' id='word_1_96' title='bbox 634 1154 783 1226; x_wconf 84' lang='lat' dir='ltr'>exercitus,</span> <span class='ocrx_word' id='word_1_97' title='bbox 798 1155 847 1228; x_wconf 91' lang='lat' dir='ltr'>qui</span> <span class='ocrx_word' id='word_1_98' title='bbox 857 1154 909 1210; x_wconf 91' lang='lat' dir='ltr'>sub</span> <span class='ocrx_word' id='word_1_99' title='bbox 919 1153 998 1209; x_wconf 80' lang='lat' dir='ltr'>Pan-</span> 
     </span>
     <span class='ocr_line' id='line_1_14' title="bbox 101 1241 998 1313; baseline 0.003 -17"><span class='ocrx_word' id='word_1_100' title='bbox 101 1241 230 1297; x_wconf 90' lang='lat' dir='ltr'>menione</span> <span class='ocrx_word' id='word_1_101' title='bbox 243 1242 344 1310; x_wconf 87' lang='lat' dir='ltr'>luerat,</span> <span class='ocrx_word' id='word_1_102' title='bbox 353 1241 485 1298; x_wconf 89' lang='lat' dir='ltr'>occurrit.</span> <span class='ocrx_word' id='word_1_103' title='bbox 499 1243 553 1297; x_wconf 83' lang='lat' dir='ltr'>Sex</span> <span class='ocrx_word' id='word_1_104' title='bbox 562 1241 653 1296; x_wconf 90' lang='lat' dir='ltr'>millia</span> <span class='ocrx_word' id='word_1_105' title='bbox 666 1242 849 1300; x_wconf 82' lang='lat' dir='ltr'>Macedonum</span> <span class='ocrx_word' id='word_1_106' title='bbox 861 1243 950 1313; x_wconf 89' lang='lat' dir='ltr'>erant,</span> <span class='ocrx_word' id='word_1_107' title='bbox 963 1247 998 1299; x_wconf 89' lang='lat' dir='ltr'>et</span> 
     </span>
     <span class='ocr_line' id='line_1_15' title="bbox 102 1328 996 1405; baseline 0 -20"><span class='ocrx_word' id='word_1_108' title='bbox 102 1345 133 1385; x_wconf 88' lang='lat' dir='ltr'>cc</span> <span class='ocrx_word' id='word_1_109' title='bbox 159 1329 267 1384; x_wconf 90' lang='lat' dir='ltr'>nobiles</span> <span class='ocrx_word' id='word_1_110' title='bbox 281 1333 303 1399; x_wconf 70' lang='grc' dir='ltr'>θ,</span> <span class='ocrx_word' id='word_1_111' title='bbox 329 1333 357 1385; x_wconf 90' lang='lat' dir='ltr'>et</span> <span class='ocrx_word' id='word_1_112' title='bbox 383 1346 401 1386; x_wconf 88' lang='lat' dir='ltr'>v</span> <span class='ocrx_word' id='word_1_113' title='bbox 422 1329 511 1384; x_wconf 90' lang='lat' dir='ltr'>millia</span> <span class='ocrx_word' id='word_1_114' title='bbox 530 1328 693 1385; x_wconf 85' lang='lat' dir='ltr'>Graecorum</span> <span class='ocrx_word' id='word_1_115' title='bbox 714 1347 778 1387; x_wconf 93' lang='lat' dir='ltr'>cum</span> <span class='ocrx_word' id='word_1_116' title='bbox 798 1332 939 1405; x_wconf 89' lang='lat' dir='ltr'>equitibus</span> <span class='ocrx_word' id='word_1_117' title='bbox 961 1346 996 1396; x_wconf 82' lang='lat' dir='ltr'>n,</span> 
     </span>
     <span class='ocr_line' id='line_1_16' title="bbox 102 1416 998 1494; baseline 0.003 -23"><span class='ocrx_word' id='word_1_118' title='bbox 102 1417 178 1472; x_wconf 88' lang='lat' dir='ltr'>haud</span> <span class='ocrx_word' id='word_1_119' title='bbox 197 1416 280 1473; x_wconf 90' lang='lat' dir='ltr'>dubie</span> <span class='ocrx_word' id='word_1_120' title='bbox 306 1418 393 1473; x_wconf 90' lang='lat' dir='ltr'>robur</span> <span class='ocrx_word' id='word_1_121' title='bbox 407 1417 533 1474; x_wconf 90' lang='lat' dir='ltr'>omnium</span> <span class='ocrx_word' id='word_1_122' title='bbox 551 1417 656 1474; x_wconf 85' lang='lat' dir='ltr'>virium</span> <span class='ocrx_word' id='word_1_123' title='bbox 675 1420 766 1494; x_wconf 87' lang='lat' dir='ltr'>regis.</span> <span class='ocrx_word' id='word_1_124' title='bbox 784 1420 817 1493; x_wconf 83' lang='lat'>[5]</span> <span class='ocrx_word' id='word_1_125' title='bbox 833 1416 998 1475; x_wconf 82' lang='lat' dir='ltr'>Arachosiis</span> 
     </span>
     <span class='ocr_line' id='line_1_17' title="bbox 102 1505 998 1579; baseline -0.001 -19"><span class='ocrx_word' id='word_1_126' title='bbox 102 1506 184 1562; x_wconf 88' lang='lat' dir='ltr'>datus</span> <span class='ocrx_word' id='word_1_127' title='bbox 199 1505 301 1562; x_wconf 88' lang='lat' dir='ltr'>Menon</span> <span class='ocrx_word' id='word_1_128' title='bbox 319 1509 434 1578; x_wconf 86' lang='lat' dir='ltr'>praetor,</span> <span class='ocrx_word' id='word_1_129' title='bbox 451 1524 479 1563; x_wconf 83' lang='lat' dir='ltr'>iv</span> <span class='ocrx_word' id='word_1_130' title='bbox 490 1507 616 1563; x_wconf 90' lang='lat' dir='ltr'>millibus</span> <span class='ocrx_word' id='word_1_131' title='bbox 633 1508 759 1578; x_wconf 88' lang='lat' dir='ltr'>peditum</span> <span class='ocrx_word' id='word_1_132' title='bbox 784 1512 814 1564; x_wconf 92' lang='lat' dir='ltr'>et</span> <span class='ocrx_word' id='word_1_133' title='bbox 831 1524 868 1566; x_wconf 90' lang='lat' dir='ltr'>nc</span> <span class='ocrx_word' id='word_1_134' title='bbox 887 1505 998 1579; x_wconf 89' lang='lat' dir='ltr'>equiti-</span> 
     </span>
     <span class='ocr_line' id='line_1_18' title="bbox 102 1594 515 1670; baseline -0.002 -20"><span class='ocrx_word' id='word_1_135' title='bbox 102 1595 156 1650; x_wconf 89' lang='lat' dir='ltr'>bus</span> <span class='ocrx_word' id='word_1_136' title='bbox 177 1594 207 1650; x_wconf 91' lang='lat' dir='ltr'>in</span> <span class='ocrx_word' id='word_1_137' title='bbox 222 1594 384 1670; x_wconf 88' lang='lat' dir='ltr'>praesidium</span> <span class='ocrx_word' id='word_1_138' title='bbox 399 1595 515 1652; x_wconf 90' lang='lat' dir='ltr'>relictis.</span> 
     </span>
    </p>

    <p class='ocr_par' dir='ltr' id='par_1_3' title="bbox 103 1681 997 2109">
     <span class='ocr_line' id='line_1_19' title="bbox 139 1681 995 1756; baseline 0.004 -19"><span class='ocrx_word' id='word_1_139' title='bbox 139 1681 202 1755; x_wconf 90' lang='lat' dir='ltr'>lpse</span> <span class='ocrx_word' id='word_1_140' title='bbox 215 1699 264 1740; x_wconf 83' lang='lat' dir='ltr'>rex</span> <span class='ocrx_word' id='word_1_141' title='bbox 278 1682 422 1740; x_wconf 90' lang='lat' dir='ltr'>nationem</span> <span class='ocrx_word' id='word_1_142' title='bbox 443 1701 478 1740; x_wconf 92' lang='lat' dir='ltr'>ne</span> <span class='ocrx_word' id='word_1_143' title='bbox 497 1682 624 1739; x_wconf 90' lang='lat' dir='ltr'>finitimis</span> <span class='ocrx_word' id='word_1_144' title='bbox 652 1681 768 1756; x_wconf 90' lang='lat' dir='ltr'>quidem</span> <span class='ocrx_word' id='word_1_145' title='bbox 790 1686 861 1742; x_wconf 87' lang='lat' dir='ltr'>satis</span> <span class='ocrx_word' id='word_1_146' title='bbox 885 1688 995 1753; x_wconf 88' lang='lat' dir='ltr'>notam,</span> 
     </span>
     <span class='ocr_line' id='line_1_20' title="bbox 103 1773 995 1847; baseline -0.001 -17"><span class='ocrx_word' id='word_1_147' title='bbox 103 1773 227 1847; x_wconf 69' lang='lat' dir='ltr'>quippe¹</span> <span class='ocrx_word' id='word_1_148' title='bbox 249 1774 328 1829; x_wconf 89' lang='lat' dir='ltr'>nullo</span> <span class='ocrx_word' id='word_1_149' title='bbox 343 1774 510 1831; x_wconf 89' lang='lat' dir='ltr'>commercio</span> <span class='ocrx_word' id='word_1_150' title='bbox 525 1776 667 1830; x_wconf 88' lang='lat' dir='ltr'>volentem</span> <span class='ocrx_word' id='word_1_151' title='bbox 690 1778 806 1832; x_wconf 89' lang='lat' dir='ltr'>mutuos</span> <span class='ocrx_word' id='word_1_152' title='bbox 826 1791 905 1842; x_wconf 89' lang='lat' dir='ltr'>usus,</span> <span class='ocrx_word' id='word_1_153' title='bbox 928 1789 995 1829; x_wconf 90' lang='lat' dir='ltr'>cum</span> 
     </span>
     <span class='ocr_line' id='line_1_21' title="bbox 104 1860 997 1935; baseline 0 -16"><span class='ocrx_word' id='word_1_154' title='bbox 104 1864 227 1919; x_wconf 83' lang='lat' dir='ltr'>exercitu</span> <span class='ocrx_word' id='word_1_155' title='bbox 242 1862 366 1917; x_wconf 89' lang='lat' dir='ltr'>intravit.</span> <span class='ocrx_word' id='word_1_156' title='bbox 385 1860 418 1934; x_wconf 84' lang='lat'>[6]</span> <span class='ocrx_word' id='word_1_157' title='bbox 436 1862 663 1933; x_wconf 88' lang='lat' dir='ltr'>Paropamisadae</span> <span class='ocrx_word' id='word_1_158' title='bbox 676 1864 865 1933; x_wconf 87' lang='lat' dir='ltr'>appellantur,</span> <span class='ocrx_word' id='word_1_159' title='bbox 882 1865 997 1935; x_wconf 85' lang='lat' dir='ltr'>agreste</span> 
     </span>
     <span class='ocr_line' id='line_1_22' title="bbox 103 1948 994 2021; baseline 0.001 -16"><span class='ocrx_word' id='word_1_160' title='bbox 103 1950 261 2007; x_wconf 89' lang='lat' dir='ltr'>homimum</span> <span class='ocrx_word' id='word_1_161' title='bbox 271 1964 371 2021; x_wconf 89' lang='lat' dir='ltr'>genus,</span> <span class='ocrx_word' id='word_1_162' title='bbox 385 1954 414 2004; x_wconf 92' lang='lat' dir='ltr'>et</span> <span class='ocrx_word' id='word_1_163' title='bbox 426 1948 501 2005; x_wconf 89' lang='lat' dir='ltr'>inter</span> <span class='ocrx_word' id='word_1_164' title='bbox 511 1950 647 2005; x_wconf 90' lang='lat' dir='ltr'>barbaros</span> <span class='ocrx_word' id='word_1_165' title='bbox 656 1948 777 2005; x_wconf 88' lang='lat' dir='ltr'>maxime</span> <span class='ocrx_word' id='word_1_166' title='bbox 787 1949 961 2007; x_wconf 89' lang='lat' dir='ltr'>inconditum</span> <span class='ocrx_word' id='word_1_167' title='bbox 969 1952 994 2006; x_wconf 81' lang='lat'>⁸.</span> 
     </span>
     <span class='ocr_line' id='line_1_23' title="bbox 106 2034 993 2109; baseline -0.003 -16"><span class='ocrx_word' id='word_1_168' title='bbox 106 2038 244 2093; x_wconf 88' lang='lat' dir='ltr'>Locorum</span> <span class='ocrx_word' id='word_1_169' title='bbox 259 2034 397 2107; x_wconf 89' lang='lat' dir='ltr'>asperitas</span> <span class='ocrx_word' id='word_1_170' title='bbox 410 2036 557 2091; x_wconf 89' lang='lat' dir='ltr'>hominum</span> <span class='ocrx_word' id='word_1_171' title='bbox 569 2040 682 2109; x_wconf 71' lang='lat' dir='ltr'>quoque</span> <span class='ocrx_word' id='word_1_172' title='bbox 697 2036 814 2109; x_wconf 87' lang='lat' dir='ltr'>ingenia</span> <span class='ocrx_word' id='word_1_173' title='bbox 832 2039 993 2095; x_wconf 87' lang='lat' dir='ltr'>duraverat.</span> 
     </span>
    </p>
   </div>
   <div class='ocr_carea' id='block_1_2' title="bbox 105 2123 998 2461">
    <p class='ocr_par' dir='ltr' id='par_1_4' title="bbox 105 2123 998 2461">
     <span class='ocr_line' id='line_1_24' title="bbox 105 2123 996 2199; baseline 0 -19"><span class='ocrx_word' id='word_1_174' title='bbox 105 2125 139 2197; x_wconf 79' lang='lat'>[7]</span> <span class='ocrx_word' id='word_1_175' title='bbox 149 2124 359 2181; x_wconf 89' lang='lat' dir='ltr'>Gelidissimum</span> <span class='ocrx_word' id='word_1_176' title='bbox 371 2123 572 2197; x_wconf 87' lang='lat' dir='ltr'>septentrionis</span> <span class='ocrx_word' id='word_1_177' title='bbox 585 2129 683 2179; x_wconf 80' lang='lat' dir='ltr'>axem⁹</span> <span class='ocrx_word' id='word_1_178' title='bbox 697 2131 996 2199; x_wconf 83' lang='lat' dir='ltr'>exmagnapartespe·</span> 
     </span>
     <span class='ocr_line' id='line_1_25' title="bbox 106 2211 998 2285; baseline 0.001 -17"><span class='ocrx_word' id='word_1_179' title='bbox 106 2215 194 2280; x_wconf 92' lang='lat' dir='ltr'>ctant,</span> <span class='ocrx_word' id='word_1_180' title='bbox 210 2211 368 2269; x_wconf 88' lang='lat' dir='ltr'>Bactrianis</span> <span class='ocrx_word' id='word_1_181' title='bbox 386 2212 421 2269; x_wconf 90' lang='lat' dir='ltr'>ab</span> <span class='ocrx_word' id='word_1_182' title='bbox 433 2213 575 2270; x_wconf 90' lang='lat' dir='ltr'>occidente</span> <span class='ocrx_word' id='word_1_183' title='bbox 592 2212 736 2285; x_wconf 86' lang='lat' dir='ltr'>conjuncti</span> <span class='ocrx_word' id='word_1_184' title='bbox 748 2219 826 2285; x_wconf 89' lang='lat' dir='ltr'>suut,</span> <span class='ocrx_word' id='word_1_185' title='bbox 842 2214 998 2273; x_wconf 90' lang='lat' dir='ltr'>meridiana</span> 
     </span>
     <span class='ocr_line' id='line_1_26' title="bbox 105 2298 997 2375; baseline 0.001 -20"><span class='ocrx_word' id='word_1_186' title='bbox 105 2300 183 2371; x_wconf 86' lang='lat' dir='ltr'>regio</span> <span class='ocrx_word' id='word_1_187' title='bbox 208 2300 243 2354; x_wconf 93' lang='lat' dir='ltr'>ad</span> <span class='ocrx_word' id='word_1_188' title='bbox 263 2316 341 2356; x_wconf 88' lang='lat' dir='ltr'>mare</span> <span class='ocrx_word' id='word_1_189' title='bbox 357 2300 483 2357; x_wconf 92' lang='lat' dir='ltr'>Indicum</span> <span class='ocrx_word' id='word_1_190' title='bbox 497 2300 627 2374; x_wconf 89' lang='lat' dir='ltr'>vergit¹⁰.</span> <span class='ocrx_word' id='word_1_191' title='bbox 644 2298 678 2373; x_wconf 86' lang='lat'>[8]</span> <span class='ocrx_word' id='word_1_192' title='bbox 694 2301 821 2375; x_wconf 86' lang='lat' dir='ltr'>Tuguria</span> <span class='ocrx_word' id='word_1_193' title='bbox 848 2306 935 2361; x_wconf 87' lang='lat' dir='ltr'>latere</span> <span class='ocrx_word' id='word_1_194' title='bbox 960 2301 997 2356; x_wconf 90' lang='lat' dir='ltr'>ab</span> 
     </span>
     <span class='ocr_line' id='line_1_27' title="bbox 107 2388 997 2461; baseline 0.002 -18"><span class='ocrx_word' id='word_1_195' title='bbox 107 2389 163 2443; x_wconf 90' lang='lat' dir='ltr'>imo</span> <span class='ocrx_word' id='word_1_196' title='bbox 176 2388 308 2455; x_wconf 79' lang='lat' dir='ltr'>struunt3</span> <span class='ocrx_word' id='word_1_197' title='bbox 323 2390 361 2457; x_wconf 89' lang='lat' dir='ltr'>et,</span> <span class='ocrx_word' id='word_1_198' title='bbox 376 2389 443 2461; x_wconf 86' lang='lat' dir='ltr'>quia</span> <span class='ocrx_word' id='word_1_199' title='bbox 454 2390 559 2445; x_wconf 89' lang='lat' dir='ltr'>sterilis</span> <span class='ocrx_word' id='word_1_200' title='bbox 570 2392 614 2447; x_wconf 92' lang='lat' dir='ltr'>est</span> <span class='ocrx_word' id='word_1_201' title='bbox 626 2392 703 2445; x_wconf 89' lang='lat' dir='ltr'>terra</span> <span class='ocrx_word' id='word_1_202' title='bbox 715 2390 864 2447; x_wconf 87' lang='lat' dir='ltr'>materia¹¹</span> <span class='ocrx_word' id='word_1_203' title='bbox 879 2394 907 2448; x_wconf 93' lang='lat' dir='ltr'>in</span> <span class='ocrx_word' id='word_1_204' title='bbox 921 2390 997 2447; x_wconf 92' lang='lat' dir='ltr'>nudo</span> 
     </span>
    </p>
   </div>
   <div class='ocr_carea' id='block_1_3' title="bbox 106 2579 999 3014">
    <p class='ocr_par' dir='ltr' id='par_1_5' title="bbox 106 2579 999 3014">
     <span class='ocr_line' id='line_1_28' title="bbox 133 2579 998 2641; baseline 0.002 -19"><span class='ocrx_word' id='word_1_205' title='bbox 133 2580 167 2623; x_wconf 87' lang='lat' dir='ltr'>lll.</span> <span class='ocrx_word' id='word_1_206' title='bbox 182 2588 199 2624; x_wconf 83' lang='lat' dir='ltr'>l.</span> <span class='ocrx_word' id='word_1_207' title='bbox 214 2579 277 2633; x_wconf 80' lang='lat' dir='ltr'>Gyri,</span> <span class='ocrx_word' id='word_1_208' title='bbox 291 2580 343 2623; x_wconf 88' lang='lat' dir='ltr'>dans</span> <span class='ocrx_word' id='word_1_209' title='bbox 355 2592 392 2623; x_wconf 90' lang='lat' dir='ltr'>son</span> <span class='ocrx_word' id='word_1_210' title='bbox 405 2580 525 2635; x_wconf 78' lang='lat' dir='ltr'>expedition</span> <span class='ocrx_word' id='word_1_211' title='bbox 579 2581 737 2637; x_wconf 84' lang='lat' dir='ltr'>probablemeut</span> <span class='ocrx_word' id='word_1_212' title='bbox 749 2595 823 2637; x_wconf 81' lang='lat' dir='ltr'>perses</span> <span class='ocrx_word' id='word_1_213' title='bbox 831 2583 896 2641; x_wconf 82' lang='lat'>(?)-</span> <span class='ocrx_word' id='word_1_214' title='bbox 905 2592 924 2629; x_wconf 82' lang='grc'>7.</span> <span class='ocrx_word' id='word_1_215' title='bbox 930 2582 998 2637; x_wconf 78' lang='lat' dir='ltr'>quip-</span> 
     </span>
     <span class='ocr_line' id='line_1_29' title="bbox 107 2641 999 2700; baseline 0.003 -17"><span class='ocrx_word' id='word_1_216' title='bbox 107 2647 179 2684; x_wconf 84' lang='lat' dir='ltr'>eontre</span> <span class='ocrx_word' id='word_1_217' title='bbox 195 2641 226 2685; x_wconf 87' lang='lat' dir='ltr'>les</span> <span class='ocrx_word' id='word_1_218' title='bbox 237 2643 374 2696; x_wconf 75' lang='lat' dir='ltr'>Massagetes,</span> <span class='ocrx_word' id='word_1_219' title='bbox 390 2650 484 2689; x_wconf 73' lang='lat'>530-529.</span> <span class='ocrx_word' id='word_1_220' title='bbox 499 2668 526 2676; x_wconf 93' lang='lat'>-</span> <span class='ocrx_word' id='word_1_221' title='bbox 576 2658 614 2700; x_wconf 78' lang='lat' dir='ltr'>pe,</span> <span class='ocrx_word' id='word_1_222' title='bbox 628 2658 676 2700; x_wconf 78' lang='lat' dir='ltr'>vop.</span> <span class='ocrx_word' id='word_1_223' title='bbox 685 2646 748 2691; x_wconf 79' lang='lat' dir='ltr'>Rern.</span> <span class='ocrx_word' id='word_1_224' title='bbox 760 2654 804 2691; x_wconf 79' lang='lat'>121.</span> <span class='ocrx_word' id='word_1_225' title='bbox 818 2671 845 2680; x_wconf 92' lang='lat'>-</span> <span class='ocrx_word' id='word_1_226' title='bbox 860 2656 879 2696; x_wconf 79' lang='lat' dir='ltr'>s.</span> <span class='ocrx_word' id='word_1_227' title='bbox 893 2646 999 2691; x_wconf 77' lang='lat' dir='ltr'>incondi-</span> 
     </span>
     <span class='ocr_line' id='line_1_30' title="bbox 106 2703 997 2763; baseline 0.003 -19"><span class='ocrx_word' id='word_1_228' title='bbox 106 2703 256 2756; x_wconf 65' lang='lat' dir='ltr'>apostolam,</span> <span class='ocrx_word' id='word_1_229' title='bbox 269 2704 349 2758; x_wconf 77' lang='lat' dir='ltr'>epuise&#39;.</span> <span class='ocrx_word' id='word_1_230' title='bbox 359 2728 385 2736; x_wconf 97' lang='lat'><em>-</em></span> <span class='ocrx_word' id='word_1_231' title='bbox 396 2712 415 2749; x_wconf 87' lang='grc'>3.</span> <span class='ocrx_word' id='word_1_232' title='bbox 430 2707 527 2749; x_wconf 81' lang='lat' dir='ltr'>ordina-</span> <span class='ocrx_word' id='word_1_233' title='bbox 579 2714 636 2761; x_wconf 81' lang='lat' dir='ltr'>tum,</span> <span class='ocrx_word' id='word_1_234' title='bbox 652 2720 704 2761; x_wconf 91' lang='lat' dir='ltr'>pour</span> <span class='ocrx_word' id='word_1_235' title='bbox 719 2710 785 2761; x_wconf 73' lang='lat' dir='ltr'>rude,</span> <span class='ocrx_word' id='word_1_236' title='bbox 801 2710 997 2763; x_wconf 70' lang='lat' dir='ltr'>sci-um,setr0uve</span> 
     </span>
     <span class='ocr_line' id='line_1_31' title="bbox 106 2764 998 2825; baseline 0.006 -18"><span class='ocrx_word' id='word_1_237' title='bbox 106 2764 147 2819; x_wconf 83' lang='lat' dir='ltr'>nit,</span> <span class='ocrx_word' id='word_1_238' title='bbox 174 2765 320 2808; x_wconf 77' lang='lat' dir='ltr'>c&#39;est-t-dire</span> <span class='ocrx_word' id='word_1_239' title='bbox 346 2767 473 2809; x_wconf 73' lang='lat' dir='ltr'>constitnit.</span> <span class='ocrx_word' id='word_1_240' title='bbox 500 2789 527 2798; x_wconf 91' lang='lat'><em>-</em></span> <span class='ocrx_word' id='word_1_241' title='bbox 579 2770 697 2813; x_wconf 84' lang='lat' dir='ltr'>aussidans</span> <span class='ocrx_word' id='word_1_242' title='bbox 705 2771 784 2825; x_wconf 85' lang='lat' dir='ltr'>Tacite,</span> <span class='ocrx_word' id='word_1_243' title='bbox 794 2772 853 2815; x_wconf 77' lang='lat' dir='ltr'>Hiat.</span> <span class='ocrx_word' id='word_1_244' title='bbox 867 2774 892 2825; x_wconf 88' lang='lat' dir='ltr'>ll,</span> <span class='ocrx_word' id='word_1_245' title='bbox 905 2778 936 2823; x_wconf 81' lang='lat'>16,</span> <span class='ocrx_word' id='word_1_246' title='bbox 946 2768 998 2811; x_wconf 87' lang='lat' dir='ltr'>mais</span> 
     </span>
     <span class='ocr_line' id='line_1_32' title="bbox 107 2826 997 2884; baseline 0.002 -13"><span class='ocrx_word' id='word_1_247' title='bbox 107 2832 127 2871; x_wconf 80' lang='lat' dir='ltr'>t.</span> <span class='ocrx_word' id='word_1_248' title='bbox 148 2826 236 2881; x_wconf 79' lang='lat' dir='ltr'>scriba,</span> <span class='ocrx_word' id='word_1_249' title='bbox 262 2839 311 2882; x_wconf 76' lang='lat' dir='ltr'>vop.</span> <span class='ocrx_word' id='word_1_250' title='bbox 334 2828 393 2871; x_wconf 70' lang='lat' dir='ltr'>Dice.</span> <span class='ocrx_word' id='word_1_251' title='bbox 422 2828 480 2871; x_wconf 81' lang='lat' dir='ltr'>Hisl.</span> <span class='ocrx_word' id='word_1_252' title='bbox 500 2852 527 2861; x_wconf 91' lang='lat'><em>-</em></span> <span class='ocrx_word' id='word_1_253' title='bbox 579 2837 707 2873; x_wconf 81' lang='lat' dir='ltr'>cescusest</span> <span class='ocrx_word' id='word_1_254' title='bbox 720 2843 810 2874; x_wconf 81' lang='lat' dir='ltr'>rare—</span> <span class='ocrx_word' id='word_1_255' title='bbox 823 2840 843 2877; x_wconf 81' lang='lat'>9.</span> <span class='ocrx_word' id='word_1_256' title='bbox 861 2841 997 2884; x_wconf 66' lang='lat' dir='ltr'>danway·</span> 
     </span>
     <span class='ocr_line' id='line_1_33' title="bbox 107 2886 998 2949; baseline -0.002 -16"><span class='ocrx_word' id='word_1_257' title='bbox 107 2894 127 2933; x_wconf 83' lang='lat' dir='ltr'>t.</span> <span class='ocrx_word' id='word_1_258' title='bbox 144 2889 296 2940; x_wconf 75' lang='lat' dir='ltr'>Arachosios,</span> <span class='ocrx_word' id='word_1_259' title='bbox 309 2901 380 2932; x_wconf 89' lang='lat' dir='ltr'>erreur</span> <span class='ocrx_word' id='word_1_260' title='bbox 402 2892 527 2946; x_wconf 82' lang='lat' dir='ltr'>gc&#39;ogrnplii-</span> <span class='ocrx_word' id='word_1_261' title='bbox 579 2886 732 2938; x_wconf 73' lang='lat' dir='ltr'>Rem.2ta.-&#39;</span> <span class='ocrx_word' id='word_1_262' title='bbox 741 2900 772 2938; x_wconf 81' lang='lat' dir='ltr'>lo.</span> <span class='ocrx_word' id='word_1_263' title='bbox 781 2894 861 2949; x_wconf 73' lang='lat' dir='ltr'>vergil,</span> <span class='ocrx_word' id='word_1_264' title='bbox 871 2891 998 2947; x_wconf 82' lang='lat' dir='ltr'>description</span> 
     </span>
     <span class='ocr_line' id='line_1_34' title="bbox 108 2950 998 3014; baseline 0.015 -22"><span class='ocrx_word' id='word_1_265' title='bbox 108 2960 160 3003; x_wconf 71' lang='lat' dir='ltr'>que,</span> <span class='ocrx_word' id='word_1_266' title='bbox 170 2962 217 3005; x_wconf 74' lang='lat' dir='ltr'>vop.</span> <span class='ocrx_word' id='word_1_267' title='bbox 228 2950 289 2997; x_wconf 70' lang='lat' dir='ltr'>nini.</span> <span class='ocrx_word' id='word_1_268' title='bbox 298 2952 357 2995; x_wconf 83' lang='lat' dir='ltr'>Hist.</span> <span class='ocrx_word' id='word_1_269' title='bbox 367 2974 394 2983; x_wconf 92' lang='lat'>-</span> <span class='ocrx_word' id='word_1_270' title='bbox 405 2958 423 2995; x_wconf 78' lang='lat' dir='ltr'>t.</span> <span class='ocrx_word' id='word_1_271' title='bbox 433 2956 527 3011; x_wconf 77' lang='lat' dir='ltr'>nobiles,</span> <span class='ocrx_word' id='word_1_272' title='bbox 580 2974 648 3014; x_wconf 80' lang='lat' dir='ltr'>vagus</span> <span class='ocrx_word' id='word_1_273' title='bbox 660 2960 682 2999; x_wconf 87' lang='lat' dir='ltr'>et</span> <span class='ocrx_word' id='word_1_274' title='bbox 695 2954 799 2999; x_wconf 78' lang='lat' dir='ltr'>inexacte.</span> <span class='ocrx_word' id='word_1_275' title='bbox 812 2978 840 2986; x_wconf 92' lang='lat'>—</span> <span class='ocrx_word' id='word_1_276' title='bbox 848 2964 880 3001; x_wconf 85' lang='lat' dir='ltr'>ll.</span> <span class='ocrx_word' id='word_1_277' title='bbox 890 2954 998 3005; x_wconf 62' lang='lat' dir='ltr'>mando,</span> 
     </span>
    </p>
   </div>
   <div class='ocr_carea' id='block_1_4' title="bbox 0 0 1173 3500">
    <p class='ocr_par' dir='ltr' id='par_1_6' title="bbox 0 0 1173 3500">
     <span class='ocr_line' id='line_1_35' title="bbox 0 0 1173 3500; baseline 0 0"><span class='ocrx_word' id='word_1_278' title='bbox 0 0 1173 3500; x_wconf 95' lang='lat' dir='ltr'> </span> 
     </span>
    </p>
   </div>
  </div>
 </body>
</html>
