2317 3500
2 3240 13 3268 ἱ

95 175 174 258 [inv.
190 169 333 252 ete-325]
463 189 555 232 risen
579 191 622 233 rx.
933 183 987 239 351

95 323 184 380 regno
201 322 264 360 cum
280 303 365 359 Dario
384 304 543 372 dimicares,
564 305 618 361 etsi
635 323 719 362 nemo
733 309 828 376 vellet,
849 314 991 370 tamenne

96 393 231 452 admirari
250 393 364 463 quidem
382 397 479 464 posset
504 397 562 450 tarn
583 399 721 466 prompte
735 413 797 453 esse
814 403 842 455 te
859 401 894 455 ad
908 418 991 458 omne

96 484 246 540 discrimen
267 480 390 539 audacie
406 501 412 535 ε
429 498 505 550 nam,
523 483 571 538 ubi
585 484 664 554 paria
685 490 753 541 sunt
774 488 932 558 perieulum
959 510 991 548 ac

96 575 256 652 preamium,
275 574 304 626 et
316 571 448 626 secundis
467 573 553 627 rebus
571 573 692 646 amplior
705 575 814 632 fructus
828 584 881 647 est,
897 584 925 636 et
939 583 993 636 ad·-

97 661 187 716 versis
203 660 338 715 solacium
354 660 463 732 majus:
478 661 529 733 [11]
545 665 596 717 tuo
612 680 679 719 vero
695 665 785 736 capite
807 666 962 739 ignobilem
971 677 993 709 ¹³

97 751 191 806 vicum
206 749 261 806 emi
276 749 341 820 quis
354 750 435 816 ferat,
451 767 509 805 non
521 753 636 807 tuorum
648 753 732 810 modo
746 755 880 825 militum,
892 759 941 813 sed
952 761 995 815 ul-

98 840 153 895 lius
168 839 262 911 gentis
274 838 400 894 barbarae
411 839 490 907 civis,
504 839 552 911 qui
566 844 644 897 tuam
654 843 881 914 magnitudinem
893 848 995 904 novit‘l
1050 876 1058 892 ·

99 929 150 1002 [11]
171 929 275 984 Horret
295 928 407 984 animus
426 928 627 1000 cogitationem
648 931 689 987 rei
714 949 799 1005 quarn
823 936 907 1004 paulo
930 941 996 992 ente

99 1017 231 1075 vidimus.
243 1018 344 1091 Eloqui
357 1018 443 1074 timeo
462 1017 559 1074 invicti
580 1020 707 1092 corporis
721 1021 811 1093 spolie
820 1027 843 1059 ¹⁴
857 1023 997 1080 inertissi-

99 1123 160 1164 mas
173 1123 277 1164 manus
292 1107 379 1164 luisse
390 1106 554 1176 iniecturos,
569 1107 623 1163 nisi
638 1113 667 1164 te
681 1109 870 1181 interceptum
885 1112 997 1168 miseri-

100 1214 163 1255 cors
182 1197 212 1253 iu
229 1211 281 1253 nos
302 1196 418 1253 fortuna
439 1200 589 1252 servasset.
613 1196 665 1269 [13]
680 1197 810 1253 Totidem
824 1200 995 1270 proditores,

33 1363 36 1370 Δ
100 1288 218 1345 totidem
226 1287 387 1343 desertores
395 1301 505 1354 sumus,
517 1289 588 1357 quot
596 1289 624 1341 te
637 1301 694 1342 non
702 1288 995 1362 potuimuspersequi.

101 1377 256 1433 Universos
271 1375 337 1431 licet
351 1373 456 1430 milites
468 1374 626 1446 ignominia
645 1379 738 1443 notes,
760 1394 844 1432 nemo
857 1378 999 1435 recusabit

102 1469 179 1522 luere
193 1466 222 1521 id
230 1465 307 1536 quod
317 1481 353 1521 ne
364 1463 527 1520 admitteret
540 1469 674 1534 praestere
685 1482 742 1520 non
752 1465 882 1537 potuit¹³.
897 1467 998 1525 Patere

103 1569 165 1622 nce,
176 1569 282 1625 quaeso,
294 1553 348 1608 alio
360 1553 444 1608 medo
454 1569 517 1608 esse
527 1552 598 1608 viles
605 1557 629 1590 ¹⁶
640 1553 700 1608 tibi.
712 1553 897 1627 Quocumque
902 1555 999 1629 jesse

102 1643 153 1712 ris,
162 1642 276 1698 ibimus.
286 1640 337 1712 [lt]
353 1639 480 1695 Obscura
493 1641 619 1709 pericula
630 1645 659 1696 et
668 1640 808 1712 ignobiles
822 1659 934 1715 pugnes
947 1660 1000 1700 no-

102 1731 147 1789 bis
157 1727 335 1803 deposcimus
349 1747 355 1782 :
375 1729 464 1784 temet
475 1726 569 1797 ipsum
585 1729 665 1783 adea
679 1743 761 1785 serve
781 1746 844 1801 quae
856 1731 1000 1803 magnitu-

104 1821 199 1877 dinem
212 1822 292 1875 tuam
308 1816 423 1887 capiunt
430 1820 463 1869 ¹¹.
480 1814 541 1871 Cito
560 1816 653 1886 gloria
666 1816 818 1873 obsolescit
834 1819 863 1873 in
877 1820 1000 1876 sordidis

104 1910 244 1976 hostibus,
264 1922 315 1962 nec
338 1905 489 1979 quicquam
513 1904 660 1977 indignius
684 1909 729 1962 est
755 1923 841 1979 quem
873 1908 1001 1963 consumi

104 2016 167 2055 eam
182 1996 230 2053 ubi
243 2010 300 2050 non
310 1994 400 2065 possit
412 1992 532 2049 ostendi.
548 2013 561 2045 1
677 2001 681 2007 ·

141 2084 191 2157 [15]
199 2084 304 2139 Eadem
318 2081 564 2148 lerePtolemaeus,
580 2084 610 2137 et
629 2080 733 2137 similia
754 2083 798 2138 his
819 2084 915 2139 ceteri.
929 2084 1002 2139 Jam-

106 2191 161 2246 que
184 2172 309 2229 coniusis
333 2170 449 2228 vocibus
474 2170 573 2226 flentes
602 2186 667 2227 eum
692 2172 811 2228 orabant
831 2176 864 2228 ut
887 2173 1003 2229 tandem

106 2282 139 2321 ex
152 2264 281 2319 satietate
289 2266 311 2300 ¹⁸
325 2259 433 2317 laudi¹⁹
444 2260 561 2315 modum
576 2260 729 2333 faceret,ac
744 2261 829 2318 saluti
843 2261 945 2331 suae,id
959 2266 1004 2319 est

106 2353 235 2425 ptrblicae,
254 2355 391 2424 parceret.

142 2440 193 2513 [te]
207 2438 293 2494 Grata
306 2441 367 2493 erat
387 2454 448 2509 regi
469 2436 560 2507 pietas
575 2437 741 2492 amicorum.
769 2437 877 2509 ltaque,
899 2438 1002 2512 singu-

108 2531 151 2585 los
164 2527 332 2584 familiarius
346 2527 500 2596 amplexus,
522 2525 668 2582 considere
682 2525 771 2599 jubet.
788 2526 839 2599 [17]
854 2527 1001 2599 Altiusqne

109 2632 240 2673 sermone
252 2614 371 2685 repetito
389 2634 395 2668 :
409 2634 422 2664 o
434 2612 519 2670 Vobis
537 2614 653 2686 quidem
662 2634 689 2683 1,
700 2613 802 2686 inquit,
816 2633 829 2667 ι
845 2616 1004 2670 ofidissimr

108 2812 133 2849 21
146 2806 166 2847 b.
181 2827 205 2834 -
218 2809 248 2847 11.
259 2800 391 2857 ignobitem,
403 2798 494 2843 allusion
504 2812 530 2843 au
584 2802 624 2854 tes,
636 2800 708 2851 1.-1-1,
719 2798 1006 2853 nuttiueprettimttcmo-

109 2868 167 2920 siege
182 2865 266 2908 iacente
280 2863 332 2905 dans
346 2862 365 2903 le
381 2860 475 2916 chapitre
484 2862 531 2912 ure·
584 2864 621 2917 do‚
639 2861 701 2905 d'une
719 2867 779 2905 111111
793 2860 885 2903 manitre
897 2860 968 2915 (qu'eu
985 2866 1005 2903 te

109 2931 191 2975 cedent.
213 2954 241 2964 -
262 2934 294 2972 11.
319 2925 425 2979 corporis
445 2924 531 2977 spolia,
583 2925 691 2971 sacriflant
709 2929 731 2968 ct
749 2935 776 2967 en
788 2934 841 2966 nous
858 2928 958 2977 exposcet
969 2936 1007 2978 par

109 3004 162 3047 pour
175 3004 261 3047 corpus
277 2990 394 3033 incidam}
407 2986 531 3041 spoliando
558 2972 562 3027 ‚¹
584 2990 605 3032 u
616 2990 706 3033 memes
725 2987 798 3043 plur).
816 3009 844 3017 -
856 2993 886 3029 17.
899 2986 1005 3041 captum,

109 3057 248 3108 defecturos.
264 3078 292 3088 -
308 3060 339 3099 lt.
349 3053 464 3107 prestere
483 3062 532 3093 non
584 3050 673 3094 ailiance
687 3050 713 3091 de
724 3052 780 3090 mets
794 3045 885 3090 burdio:
900 3046 937 3101 qui
955 3059 1006 3090 con·

107 3118 192 3174 potuit,
205 3120 237 3163 n'n
249 3131 277 3175 pu
288 3116 340 3161 taire
350 3113 402 3170 qu’il
415 3126 448 3167 ne¹
456 3112 530 3157 c.-t-d.
585 3112 686 3155 viennent
696 3112 716 3153 l.
735 3132 763 3141 -
782 3115 814 3153 m.
828 3120 866 3160 σω,
877 3120 925 3164 roy.
941 3109 1004 3153 lions.

111 3180 144 3223 n’a
156 3192 185 3235 pu
199 3192 225 3224 ne
238 3194 273 3236 pas
285 3182 447 3224 commeare.-
459 3175 533 3220 1111·-
587 3183 632 3221 111.
649 3197 676 3206 -
705 3180 736 3220 11.
758 3172 833 3227 medi,
852 3172 962 3217 ambition.
980 3192 1007 3204 -
