<?xml version="1.0" encoding="UTF-8"?>
<!DOCTYPE html PUBLIC "-//W3C//DTD XHTML 1.0 Transitional//EN"
    "http://www.w3.org/TR/xhtml1/DTD/xhtml1-transitional.dtd">
<html xmlns="http://www.w3.org/1999/xhtml" xml:lang="en" lang="en">
 <head>
  <title>
</title>
<meta http-equiv="Content-Type" content="text/html;charset=utf-8" />
  <meta name='ocr-system' content='tesseract 3.04.00' />
  <meta name='ocr-capabilities' content='ocr_page ocr_carea ocr_par ocr_line ocrx_word'/>
</head>
<body>
  <div class='ocr_page' id='page_1' title='image "./qcurtiirufihist00vogegoog_0144.png"; bbox 0 0 2317 3500; ppageno 0'>
   <div class='ocr_carea' id='block_1_1' title="bbox 155 127 1049 213">
    <p class='ocr_par' dir='ltr' id='par_1_1' title="bbox 155 91 1049 213">
     <span class='ocr_line' id='line_1_1' title="bbox 155 127 1049 213; baseline 0.001 -23"><span class='ocrx_word' id='word_1_1' title='bbox 155 136 209 191; x_wconf 87' lang='grc'>128</span> <span class='ocrx_word' id='word_1_2' title='bbox 477 146 506 197; x_wconf 90' lang='lat' dir='ltr'><strong>o.</strong></span> <span class='ocrx_word' id='word_1_3' title='bbox 531 145 622 190; x_wconf 85' lang='lat' dir='ltr'><strong>cunrr</strong></span> <span class='ocrx_word' id='word_1_4' title='bbox 643 145 718 190; x_wconf 81' lang='lat' dir='ltr'><strong>nuni</strong></span> <span class='ocrx_word' id='word_1_5' title='bbox 857 127 953 212; x_wconf 76' lang='lat' dir='ltr'><strong>[our.</strong></span> <span class='ocrx_word' id='word_1_6' title='bbox 977 128 1049 213; x_wconf 82' lang='lat'>331]</span> 
     </span>
    </p>
   </div>
   <div class='ocr_carea' id='block_1_2' title="bbox 119 251 1117 2449">
    <p class='ocr_par' dir='ltr' id='par_1_2' title="bbox 149 251 1052 780">
     <span class='ocr_line' id='line_1_2' title="bbox 150 251 1049 332; baseline -0.001 -15"><span class='ocrx_word' id='word_1_7' title='bbox 150 251 317 318; x_wconf 80' lang='lat' dir='ltr'><strong>constiierat</strong></span> <span class='ocrx_word' id='word_1_8' title='bbox 337 257 482 329; x_wconf 79' lang='lat' dir='ltr'><strong>inmunis,</strong></span> <span class='ocrx_word' id='word_1_9' title='bbox 501 258 584 316; x_wconf 87' lang='lat' dir='ltr'><strong>avida</strong></span> <span class='ocrx_word' id='word_1_10' title='bbox 603 259 790 332; x_wconf 82' lang='lat' dir='ltr'><strong>cognoscendi</strong></span> <span class='ocrx_word' id='word_1_11' title='bbox 812 275 917 316; x_wconf 88' lang='lat' dir='ltr'><strong>novum</strong></span> <span class='ocrx_word' id='word_1_12' title='bbox 932 277 1049 332; x_wconf 78' lang='lat' dir='ltr'><strong>regem3</strong></span> 
     </span>
     <span class='ocr_line' id='line_1_3' title="bbox 149 350 1050 426; baseline 0 -18"><span class='ocrx_word' id='word_1_13' title='bbox 149 353 248 426; x_wconf 91' lang='lat' dir='ltr'><strong>plures</strong></span> <span class='ocrx_word' id='word_1_14' title='bbox 261 351 372 409; x_wconf 87' lang='lat' dir='ltr'><strong>obviam</strong></span> <span class='ocrx_word' id='word_1_15' title='bbox 386 351 493 424; x_wconf 84' lang='lat' dir='ltr'>egressi</span> <span class='ocrx_word' id='word_1_16' title='bbox 510 354 586 406; x_wconf 82' lang='lat' dir='ltr'><strong>sunt.</strong></span> <span class='ocrx_word' id='word_1_17' title='bbox 604 350 656 424; x_wconf 89' lang='grc'>[20]</span> <span class='ocrx_word' id='word_1_18' title='bbox 670 350 747 408; x_wconf 93' lang='lat' dir='ltr'><strong>Inter</strong></span> <span class='ocrx_word' id='word_1_19' title='bbox 761 367 833 424; x_wconf 89' lang='lat' dir='ltr'><strong>quos</strong></span> <span class='ocrx_word' id='word_1_20' title='bbox 849 351 1050 424; x_wconf 80' lang='lat' dir='ltr'><strong>Ragopbanes,</strong></span> 
     </span>
     <span class='ocr_line' id='line_1_4' title="bbox 150 439 1052 514; baseline -0.003 -15"><span class='ocrx_word' id='word_1_21' title='bbox 150 440 224 500; x_wconf 87' lang='lat' dir='ltr'><strong>arcis</strong></span> <span class='ocrx_word' id='word_1_22' title='bbox 237 443 267 498; x_wconf 89' lang='lat' dir='ltr'><strong>et</strong></span> <span class='ocrx_word' id='word_1_23' title='bbox 282 441 369 514; x_wconf 75' lang='lat' dir='ltr'><strong>regite</strong></span> <span class='ocrx_word' id='word_1_24' title='bbox 381 439 506 511; x_wconf 86' lang='lat' dir='ltr'><strong>pecuniae</strong></span> <span class='ocrx_word' id='word_1_25' title='bbox 522 443 629 510; x_wconf 89' lang='lat' dir='ltr'><strong>custos,</strong></span> <span class='ocrx_word' id='word_1_26' title='bbox 644 455 680 496; x_wconf 90' lang='lat' dir='ltr'><strong>ne</strong></span> <span class='ocrx_word' id='word_1_27' title='bbox 692 439 787 496; x_wconf 88' lang='lat' dir='ltr'><strong>studio</strong></span> <span class='ocrx_word' id='word_1_28' title='bbox 802 456 819 496; x_wconf 92' lang='lat' dir='ltr'><strong>a</strong></span> <span class='ocrx_word' id='word_1_29' title='bbox 833 439 936 496; x_wconf 71' lang='lat' dir='ltr'><strong>Mazaeo</strong></span> <span class='ocrx_word' id='word_1_30' title='bbox 957 440 1052 496; x_wconf 84' lang='lat' dir='ltr'><strong>vince·</strong></span> 
     </span>
     <span class='ocr_line' id='line_1_5' title="bbox 150 526 1051 599; baseline -0.003 -13"><span class='ocrx_word' id='word_1_31' title='bbox 150 533 241 593; x_wconf 85' lang='lat' dir='ltr'><strong>retur,</strong></span> <span class='ocrx_word' id='word_1_32' title='bbox 256 533 348 584; x_wconf 87' lang='lat' dir='ltr'><strong>totum</strong></span> <span class='ocrx_word' id='word_1_33' title='bbox 361 528 416 584; x_wconf 87' lang='lat' dir='ltr'><strong>iter</strong></span> <span class='ocrx_word' id='word_1_34' title='bbox 427 526 545 583; x_wconf 86' lang='lat' dir='ltr'><strong>floribus</strong></span> <span class='ocrx_word' id='word_1_35' title='bbox 560 527 730 599; x_wconf 78' lang='lat' dir='ltr'><strong>coronisque</strong></span> <span class='ocrx_word' id='word_1_36' title='bbox 740 531 764 564; x_wconf 56' lang='grc' dir='ltr'><strong>δ’</strong></span> <span class='ocrx_word' id='word_1_37' title='bbox 778 531 981 597; x_wconf 72' lang='lat' dir='ltr'>constraverat,</span> <span class='ocrx_word' id='word_1_38' title='bbox 1001 545 1051 584; x_wconf 92' lang='lat' dir='ltr'><strong>ar-</strong></span> 
     </span>
     <span class='ocr_line' id='line_1_6' title="bbox 151 611 1052 690; baseline -0.001 -16"><span class='ocrx_word' id='word_1_39' title='bbox 151 617 262 690; x_wconf 84' lang='lat' dir='ltr'><strong>genteis</strong></span> <span class='ocrx_word' id='word_1_40' title='bbox 277 615 414 674; x_wconf 87' lang='lat' dir='ltr'><strong>altaribus</strong></span> <span class='ocrx_word' id='word_1_41' title='bbox 426 621 548 689; x_wconf 87' lang='lat' dir='ltr'><strong>utroque</strong></span> <span class='ocrx_word' id='word_1_42' title='bbox 559 611 647 672; x_wconf 82' lang='lat' dir='ltr'><strong>latere</strong></span> <span class='ocrx_word' id='word_1_43' title='bbox 662 615 817 686; x_wconf 79' lang='lat' dir='ltr'><strong>dispositis,</strong></span> <span class='ocrx_word' id='word_1_44' title='bbox 832 633 895 689; x_wconf 84' lang='lat' dir='ltr'><strong>quae</strong></span> <span class='ocrx_word' id='word_1_45' title='bbox 910 633 967 672; x_wconf 92' lang='lat' dir='ltr'><strong>non</strong></span> <span class='ocrx_word' id='word_1_46' title='bbox 983 620 1052 674; x_wconf 89' lang='lat' dir='ltr'><strong>ture</strong></span> 
     </span>
     <span class='ocr_line' id='line_1_7' title="bbox 150 705 822 780; baseline -0.001 -18"><span class='ocrx_word' id='word_1_47' title='bbox 150 706 244 776; x_wconf 92' lang='lat' dir='ltr'><strong>modo,</strong></span> <span class='ocrx_word' id='word_1_48' title='bbox 260 707 308 762; x_wconf 88' lang='lat' dir='ltr'><strong>sed</strong></span> <span class='ocrx_word' id='word_1_49' title='bbox 324 705 457 780; x_wconf 80' lang='lat' dir='ltr'><strong>omnibus</strong></span> <span class='ocrx_word' id='word_1_50' title='bbox 468 705 604 760; x_wconf 91' lang='lat' dir='ltr'><strong>odoribus</strong></span> <span class='ocrx_word' id='word_1_51' title='bbox 618 705 822 761; x_wconf 83' lang='lat' dir='ltr'><strong>cumulaverat.</strong></span> 
     </span>
    </p>

    <p class='ocr_par' dir='ltr' id='par_1_3' title="bbox 119 796 1117 1925">
     <span class='ocr_line' id='line_1_8' title="bbox 186 796 1055 869; baseline 0 -19"><span class='ocrx_word' id='word_1_52' title='bbox 186 796 236 869; x_wconf 91' lang='grc'>[21]</span> <span class='ocrx_word' id='word_1_53' title='bbox 256 798 337 853; x_wconf 87' lang='lat' dir='ltr'><strong>Dona</strong></span> <span class='ocrx_word' id='word_1_54' title='bbox 364 812 430 851; x_wconf 91' lang='lat' dir='ltr'><strong>eum</strong></span> <span class='ocrx_word' id='word_1_55' title='bbox 449 796 652 868; x_wconf 73' lang='lat' dir='ltr'><strong>sequebantur,</strong></span> <span class='ocrx_word' id='word_1_56' title='bbox 678 811 781 868; x_wconf 79' lang='lat' dir='ltr'><strong>greges</strong></span> <span class='ocrx_word' id='word_1_57' title='bbox 806 811 941 867; x_wconf 90' lang='lat' dir='ltr'><strong>pecorum</strong></span> <span class='ocrx_word' id='word_1_58' title='bbox 960 811 1055 867; x_wconf 88' lang='lat' dir='ltr'><strong>equo-</strong></span> 
     </span>
     <span class='ocr_line' id='line_1_9' title="bbox 119 883 1117 956; baseline -0.001 -15"><span class='ocrx_word' id='word_1_59' title='bbox 119 919 123 922; x_wconf 87' lang='lat'><strong>·</strong></span> <span class='ocrx_word' id='word_1_60' title='bbox 149 900 280 956; x_wconf 87' lang='lat' dir='ltr'><strong>rumque,</strong></span> <span class='ocrx_word' id='word_1_61' title='bbox 302 884 398 939; x_wconf 93' lang='lat' dir='ltr'><strong>leones</strong></span> <span class='ocrx_word' id='word_1_62' title='bbox 419 888 565 956; x_wconf 76' lang='lat' dir='ltr'><strong>quoque⁵³</strong></span> <span class='ocrx_word' id='word_1_63' title='bbox 586 887 615 940; x_wconf 90' lang='lat' dir='ltr'><strong>et</strong></span> <span class='ocrx_word' id='word_1_64' title='bbox 629 883 790 954; x_wconf 70' lang='lat' dir='ltr'><strong>pardales³⁴</strong></span> <span class='ocrx_word' id='word_1_65' title='bbox 804 883 895 939; x_wconf 85' lang='lat' dir='ltr'><strong>caveis</strong></span> <span class='ocrx_word' id='word_1_66' title='bbox 915 883 1055 955; x_wconf 82' lang='lat' dir='ltr'><strong>praeiere·</strong></span> <span class='ocrx_word' id='word_1_67' title='bbox 1111 901 1117 913; x_wconf 84' lang='lat'><strong>·</strong></span> 
     </span>
     <span class='ocr_line' id='line_1_10' title="bbox 149 969 1052 1043; baseline 0 -17"><span class='ocrx_word' id='word_1_68' title='bbox 149 971 262 1026; x_wconf 86' lang='lat' dir='ltr'><strong>bantur.</strong></span> <span class='ocrx_word' id='word_1_69' title='bbox 288 969 338 1042; x_wconf 91' lang='grc'>[22]</span> <span class='ocrx_word' id='word_1_70' title='bbox 361 970 437 1043; x_wconf 80' lang='lat' dir='ltr'><strong>Magi</strong></span> <span class='ocrx_word' id='word_1_71' title='bbox 462 970 563 1027; x_wconf 91' lang='lat' dir='ltr'><strong>deinde</strong></span> <span class='ocrx_word' id='word_1_72' title='bbox 590 987 641 1027; x_wconf 89' lang='lat' dir='ltr'><strong>suo</strong></span> <span class='ocrx_word' id='word_1_73' title='bbox 662 975 742 1027; x_wconf 87' lang='lat' dir='ltr'><strong>more</strong></span> <span class='ocrx_word' id='word_1_74' title='bbox 763 985 876 1026; x_wconf 89' lang='lat' dir='ltr'><strong>carmen</strong></span> <span class='ocrx_word' id='word_1_75' title='bbox 902 975 1052 1042; x_wconf 84' lang='lat' dir='ltr'><strong>canentes,</strong></span> 
     </span>
     <span class='ocr_line' id='line_1_11' title="bbox 150 1057 1051 1132; baseline 0.002 -18"><span class='ocrx_word' id='word_1_76' title='bbox 150 1061 215 1131; x_wconf 91' lang='lat' dir='ltr'><strong>post</strong></span> <span class='ocrx_word' id='word_1_77' title='bbox 243 1057 296 1114; x_wconf 88' lang='lat' dir='ltr'><strong>hos</strong></span> <span class='ocrx_word' id='word_1_78' title='bbox 315 1058 449 1132; x_wconf 86' lang='lat' dir='ltr'><strong>Chaldaei,</strong></span> <span class='ocrx_word' id='word_1_79' title='bbox 466 1059 742 1132; x_wconf 87' lang='lat' dir='ltr'><strong>Babyloniorumque</strong></span> <span class='ocrx_word' id='word_1_80' title='bbox 760 1076 818 1116; x_wconf 93' lang='lat' dir='ltr'><strong>non</strong></span> <span class='ocrx_word' id='word_1_81' title='bbox 842 1062 921 1116; x_wconf 88' lang='lat' dir='ltr'><strong>vates</strong></span> <span class='ocrx_word' id='word_1_82' title='bbox 945 1059 1051 1130; x_wconf 92' lang='lat' dir='ltr'><strong>modo,</strong></span> 
     </span>
     <span class='ocr_line' id='line_1_12' title="bbox 149 1145 1051 1221; baseline 0.001 -17"><span class='ocrx_word' id='word_1_83' title='bbox 149 1149 199 1204; x_wconf 87' lang='lat' dir='ltr'><strong>sed</strong></span> <span class='ocrx_word' id='word_1_84' title='bbox 222 1147 309 1204; x_wconf 79' lang='lat' dir='ltr'><strong>etiarn</strong></span> <span class='ocrx_word' id='word_1_85' title='bbox 333 1147 488 1204; x_wconf 73' lang='lat' dir='ltr'><strong>artifices³⁸</strong></span> <span class='ocrx_word' id='word_1_86' title='bbox 502 1165 566 1203; x_wconf 95' lang='lat' dir='ltr'><strong>cum</strong></span> <span class='ocrx_word' id='word_1_87' title='bbox 587 1148 690 1204; x_wconf 87' lang='lat' dir='ltr'><strong>fidibus</strong></span> <span class='ocrx_word' id='word_1_88' title='bbox 712 1148 757 1203; x_wconf 89' lang='lat' dir='ltr'><strong>sui</strong></span> <span class='ocrx_word' id='word_1_89' title='bbox 772 1147 886 1221; x_wconf 88' lang='lat' dir='ltr'><strong>generis</strong></span> <span class='ocrx_word' id='word_1_90' title='bbox 895 1152 929 1220; x_wconf 76' lang='lat'><strong>⁵⁸,</strong></span> <span class='ocrx_word' id='word_1_91' title='bbox 945 1145 1051 1205; x_wconf 85' lang='lat' dir='ltr'><strong>ibant:</strong></span> 
     </span>
     <span class='ocr_line' id='line_1_13' title="bbox 149 1233 1055 1306; baseline 0.001 -16"><span class='ocrx_word' id='word_1_92' title='bbox 149 1235 249 1291; x_wconf 91' lang='lat' dir='ltr'><strong>laudes</strong></span> <span class='ocrx_word' id='word_1_93' title='bbox 264 1235 294 1289; x_wconf 89' lang='lat' dir='ltr'><strong>hi</strong></span> <span class='ocrx_word' id='word_1_94' title='bbox 310 1250 412 1306; x_wconf 83' lang='lat' dir='ltr'><strong>regum</strong></span> <span class='ocrx_word' id='word_1_95' title='bbox 430 1250 530 1290; x_wconf 88' lang='lat' dir='ltr'><strong>canere</strong></span> <span class='ocrx_word' id='word_1_96' title='bbox 545 1233 631 1299; x_wconf 87' lang='lat' dir='ltr'><strong>soliti,</strong></span> <span class='ocrx_word' id='word_1_97' title='bbox 652 1233 790 1302; x_wconf 74' lang='lat' dir='ltr'><strong>Chaldaei,</strong></span> <span class='ocrx_word' id='word_1_98' title='bbox 808 1234 1055 1291; x_wconf 72' lang='lat' dir='ltr'><strong>siderum‘motus</strong></span> 
     </span>
     <span class='ocr_line' id='line_1_14' title="bbox 150 1320 1055 1395; baseline 0.001 -16"><span class='ocrx_word' id='word_1_99' title='bbox 150 1326 179 1379; x_wconf 88' lang='lat' dir='ltr'><strong>et</strong></span> <span class='ocrx_word' id='word_1_100' title='bbox 192 1326 281 1378; x_wconf 82' lang='lat' dir='ltr'><strong>statas</strong></span> <span class='ocrx_word' id='word_1_101' title='bbox 293 1322 368 1377; x_wconf 80' lang='lat' dir='ltr'><strong>vices</strong></span> <span class='ocrx_word' id='word_1_102' title='bbox 382 1325 552 1392; x_wconf 83' lang='lat' dir='ltr'><strong>temporum,</strong></span> <span class='ocrx_word' id='word_1_103' title='bbox 566 1322 724 1377; x_wconf 88' lang='lat' dir='ltr'><strong>ostendere.</strong></span> <span class='ocrx_word' id='word_1_104' title='bbox 744 1321 795 1395; x_wconf 83' lang='lat'><strong>[23]</strong></span> <span class='ocrx_word' id='word_1_105' title='bbox 814 1321 931 1393; x_wconf 89' lang='lat' dir='ltr'><strong>Equites</strong></span> <span class='ocrx_word' id='word_1_106' title='bbox 945 1320 1055 1380; x_wconf 88' lang='lat' dir='ltr'><strong>deindo</strong></span> 
     </span>
     <span class='ocr_line' id='line_1_15' title="bbox 150 1410 1055 1484; baseline 0.002 -18"><span class='ocrx_word' id='word_1_107' title='bbox 150 1411 307 1482; x_wconf 85' lang='lat' dir='ltr'><strong>Babylonii,</strong></span> <span class='ocrx_word' id='word_1_108' title='bbox 330 1425 381 1465; x_wconf 91' lang='lat' dir='ltr'><strong>suo</strong></span> <span class='ocrx_word' id='word_1_109' title='bbox 398 1425 595 1481; x_wconf 90' lang='lat' dir='ltr'><strong>equorumque</strong></span> <span class='ocrx_word' id='word_1_110' title='bbox 621 1410 697 1465; x_wconf 90' lang='lat' dir='ltr'><strong>cultu</strong></span> <span class='ocrx_word' id='word_1_111' title='bbox 722 1410 758 1466; x_wconf 86' lang='lat' dir='ltr'><strong>ad</strong></span> <span class='ocrx_word' id='word_1_112' title='bbox 785 1411 926 1466; x_wconf 85' lang='lat' dir='ltr'><strong>luxuriam</strong></span> <span class='ocrx_word' id='word_1_113' title='bbox 953 1413 1055 1484; x_wconf 82' lang='lat' dir='ltr'><strong>magis</strong></span> 
     </span>
     <span class='ocr_line' id='line_1_16' title="bbox 149 1496 1057 1571; baseline 0.001 -18"><span class='ocrx_word' id='word_1_114' title='bbox 149 1515 235 1571; x_wconf 90' lang='lat' dir='ltr'><strong>quam</strong></span> <span class='ocrx_word' id='word_1_115' title='bbox 249 1498 285 1552; x_wconf 93' lang='lat' dir='ltr'><strong>ad</strong></span> <span class='ocrx_word' id='word_1_116' title='bbox 301 1496 539 1568; x_wconf 86' lang='lat' dir='ltr'><strong>magnificentiam</strong></span> <span class='ocrx_word' id='word_1_117' title='bbox 562 1500 668 1566; x_wconf 86' lang='lat' dir='ltr'><strong>exacto,</strong></span> <span class='ocrx_word' id='word_1_118' title='bbox 691 1497 783 1552; x_wconf 91' lang='lat' dir='ltr'><strong>ultimi</strong></span> <span class='ocrx_word' id='word_1_119' title='bbox 802 1497 890 1552; x_wconf 90' lang='lat' dir='ltr'><strong>ibant.</strong></span> <span class='ocrx_word' id='word_1_120' title='bbox 912 1499 980 1566; x_wconf 85' lang='lat' dir='ltr'><strong>Rex,</strong></span> <span class='ocrx_word' id='word_1_121' title='bbox 1001 1514 1057 1555; x_wconf 87' lang='lat' dir='ltr'><strong>ar·-</strong></span> 
     </span>
     <span class='ocr_line' id='line_1_17' title="bbox 151 1583 1055 1656; baseline 0.004 -15"><span class='ocrx_word' id='word_1_122' title='bbox 151 1585 234 1641; x_wconf 85' lang='lat' dir='ltr'><strong>matis</strong></span> <span class='ocrx_word' id='word_1_123' title='bbox 247 1583 378 1656; x_wconf 88' lang='lat' dir='ltr'><strong>stipatus,</strong></span> <span class='ocrx_word' id='word_1_124' title='bbox 391 1583 597 1656; x_wconf 82' lang='lat' dir='ltr'><strong>oppidanorum</strong></span> <span class='ocrx_word' id='word_1_125' title='bbox 611 1585 723 1639; x_wconf 87' lang='lat' dir='ltr'><strong>turbam</strong></span> <span class='ocrx_word' id='word_1_126' title='bbox 733 1589 797 1655; x_wconf 90' lang='lat' dir='ltr'><strong>post</strong></span> <span class='ocrx_word' id='word_1_127' title='bbox 808 1585 924 1641; x_wconf 89' lang='lat' dir='ltr'><strong>ultimos</strong></span> <span class='ocrx_word' id='word_1_128' title='bbox 937 1585 1055 1656; x_wconf 83' lang='lat' dir='ltr'><strong>pedites</strong></span> 
     </span>
     <span class='ocr_line' id='line_1_18' title="bbox 149 1671 1056 1746; baseline 0 -16"><span class='ocrx_word' id='word_1_129' title='bbox 149 1675 190 1730; x_wconf 85' lang='lat' dir='ltr'><strong>ire</strong></span> <span class='ocrx_word' id='word_1_130' title='bbox 204 1671 307 1746; x_wconf 88' lang='lat' dir='ltr'><strong>jussit:</strong></span> <span class='ocrx_word' id='word_1_131' title='bbox 324 1673 383 1744; x_wconf 86' lang='lat' dir='ltr'><strong>ipse</strong></span> <span class='ocrx_word' id='word_1_132' title='bbox 397 1689 462 1728; x_wconf 93' lang='lat' dir='ltr'><strong>cum</strong></span> <span class='ocrx_word' id='word_1_133' title='bbox 471 1677 493 1709; x_wconf 69' lang='lat'><strong>⁵¹</strong></span> <span class='ocrx_word' id='word_1_134' title='bbox 507 1689 594 1727; x_wconf 88' lang='lat' dir='ltr'><strong>curru</strong></span> <span class='ocrx_word' id='word_1_135' title='bbox 609 1673 708 1728; x_wconf 92' lang='lat' dir='ltr'><strong>urbem</strong></span> <span class='ocrx_word' id='word_1_136' title='bbox 721 1689 753 1727; x_wconf 92' lang='lat' dir='ltr'><strong>ac</strong></span> <span class='ocrx_word' id='word_1_137' title='bbox 768 1671 867 1728; x_wconf 89' lang='lat' dir='ltr'><strong>deinde</strong></span> <span class='ocrx_word' id='word_1_138' title='bbox 882 1671 992 1745; x_wconf 83' lang='lat' dir='ltr'><strong>regiam</strong></span> <span class='ocrx_word' id='word_1_139' title='bbox 1006 1672 1056 1730; x_wconf 90' lang='lat' dir='ltr'><strong>in-</strong></span> 
     </span>
     <span class='ocr_line' id='line_1_19' title="bbox 151 1761 1055 1835; baseline 0.003 -17"><span class='ocrx_word' id='word_1_140' title='bbox 151 1763 244 1819; x_wconf 84' lang='lat' dir='ltr'><strong>travit.</strong></span> <span class='ocrx_word' id='word_1_141' title='bbox 262 1762 381 1819; x_wconf 89' lang='lat' dir='ltr'><strong>Postero</strong></span> <span class='ocrx_word' id='word_1_142' title='bbox 399 1762 445 1818; x_wconf 92' lang='lat' dir='ltr'><strong>die</strong></span> <span class='ocrx_word' id='word_1_143' title='bbox 463 1762 666 1833; x_wconf 89' lang='lat' dir='ltr'><strong>supellectilem</strong></span> <span class='ocrx_word' id='word_1_144' title='bbox 688 1761 765 1818; x_wconf 88' lang='lat' dir='ltr'><strong>Darii</strong></span> <span class='ocrx_word' id='word_1_145' title='bbox 783 1765 812 1819; x_wconf 89' lang='lat' dir='ltr'><strong>et</strong></span> <span class='ocrx_word' id='word_1_146' title='bbox 827 1778 942 1818; x_wconf 90' lang='lat' dir='ltr'><strong>omnem</strong></span> <span class='ocrx_word' id='word_1_147' title='bbox 962 1780 1055 1835; x_wconf 90' lang='lat' dir='ltr'><strong>pecu-</strong></span> 
     </span>
     <span class='ocr_line' id='line_1_20' title="bbox 150 1851 412 1925; baseline -0.008 -17"><span class='ocrx_word' id='word_1_148' title='bbox 150 1851 225 1908; x_wconf 88' lang='lat' dir='ltr'><strong>niam</strong></span> <span class='ocrx_word' id='word_1_149' title='bbox 239 1851 412 1925; x_wconf 84' lang='lat' dir='ltr'><strong>recognovit.</strong></span> 
     </span>
    </p>

    <p class='ocr_par' dir='ltr' id='par_1_4' title="bbox 147 1938 1054 2449">
     <span class='ocr_line' id='line_1_21' title="bbox 181 1938 1052 2011; baseline 0.006 -18"><span class='ocrx_word' id='word_1_150' title='bbox 181 1939 232 2011; x_wconf 69' lang='grc'>[22]</span> <span class='ocrx_word' id='word_1_151' title='bbox 249 1938 382 1995; x_wconf 86' lang='lat' dir='ltr'><strong>Ceterum</strong></span> <span class='ocrx_word' id='word_1_152' title='bbox 396 1939 484 2010; x_wconf 93' lang='lat' dir='ltr'><strong>ipsius</strong></span> <span class='ocrx_word' id='word_1_153' title='bbox 502 1939 580 1995; x_wconf 89' lang='lat' dir='ltr'><strong>urbis</strong></span> <span class='ocrx_word' id='word_1_154' title='bbox 595 1938 775 2011; x_wconf 86' lang='lat' dir='ltr'><strong>pulchritudo</strong></span> <span class='ocrx_word' id='word_1_155' title='bbox 792 1956 824 1995; x_wconf 84' lang='lat' dir='ltr'><strong>ac</strong></span> <span class='ocrx_word' id='word_1_156' title='bbox 842 1942 969 1995; x_wconf 86' lang='lat' dir='ltr'><strong>vetustas</strong></span> <span class='ocrx_word' id='word_1_157' title='bbox 988 1956 1052 1999; x_wconf 92' lang='lat' dir='ltr'><strong>non</strong></span> 
     </span>
     <span class='ocr_line' id='line_1_22' title="bbox 149 2026 1054 2098; baseline 0.008 -17"><span class='ocrx_word' id='word_1_158' title='bbox 149 2026 225 2098; x_wconf 81' lang='lat' dir='ltr'><strong>regis</strong></span> <span class='ocrx_word' id='word_1_159' title='bbox 247 2026 342 2095; x_wconf 91' lang='lat' dir='ltr'><strong>modo,</strong></span> <span class='ocrx_word' id='word_1_160' title='bbox 363 2026 411 2081; x_wconf 91' lang='lat' dir='ltr'><strong>sed</strong></span> <span class='ocrx_word' id='word_1_161' title='bbox 432 2026 518 2082; x_wconf 88' lang='lat' dir='ltr'><strong>eliam</strong></span> <span class='ocrx_word' id='word_1_162' title='bbox 538 2026 665 2083; x_wconf 92' lang='lat' dir='ltr'><strong>omnium</strong></span> <span class='ocrx_word' id='word_1_163' title='bbox 685 2028 782 2083; x_wconf 84' lang='lat' dir='ltr'><strong>oculos</strong></span> <span class='ocrx_word' id='word_1_164' title='bbox 805 2026 834 2081; x_wconf 90' lang='lat' dir='ltr'><strong>in</strong></span> <span class='ocrx_word' id='word_1_165' title='bbox 856 2030 947 2083; x_wconf 89' lang='lat' dir='ltr'><strong>semet</strong></span> <span class='ocrx_word' id='word_1_166' title='bbox 969 2029 1054 2088; x_wconf 92' lang='lat' dir='ltr'><strong>haud</strong></span> 
     </span>
     <span class='ocr_line' id='line_1_23' title="bbox 148 2113 1053 2193; baseline 0.006 -23"><span class='ocrx_word' id='word_1_167' title='bbox 148 2114 290 2170; x_wconf 88' lang='lat' dir='ltr'><strong>immerito</strong></span> <span class='ocrx_word' id='word_1_168' title='bbox 304 2114 452 2169; x_wconf 87' lang='lat' dir='ltr'><strong>convertit.</strong></span> <span class='ocrx_word' id='word_1_169' title='bbox 476 2113 643 2170; x_wconf 89' lang='lat' dir='ltr'><strong>Semiramis</strong></span> <span class='ocrx_word' id='word_1_170' title='bbox 666 2131 729 2171; x_wconf 90' lang='lat' dir='ltr'><strong>eam</strong></span> <span class='ocrx_word' id='word_1_171' title='bbox 753 2115 959 2185; x_wconf 76' lang='lat' dir='ltr'><strong>condiderat³⁸,</strong></span> <span class='ocrx_word' id='word_1_172' title='bbox 975 2134 1053 2193; x_wconf 92' lang='lat' dir='ltr'><strong>non,</strong></span> 
     </span>
     <span class='ocr_line' id='line_1_24' title="bbox 150 2200 1053 2275; baseline 0.011 -20"><span class='ocrx_word' id='word_1_173' title='bbox 150 2203 181 2255; x_wconf 90' lang='lat' dir='ltr'><strong>ut</strong></span> <span class='ocrx_word' id='word_1_174' title='bbox 203 2201 331 2273; x_wconf 90' lang='lat' dir='ltr'><strong>plerique</strong></span> <span class='ocrx_word' id='word_1_175' title='bbox 351 2201 504 2270; x_wconf 87' lang='lat' dir='ltr'><strong>credidere,</strong></span> <span class='ocrx_word' id='word_1_176' title='bbox 520 2200 617 2270; x_wconf 91' lang='lat' dir='ltr'><strong>Belus,</strong></span> <span class='ocrx_word' id='word_1_177' title='bbox 639 2202 720 2275; x_wconf 74' lang='lat' dir='ltr'><strong>cujus</strong></span> <span class='ocrx_word' id='word_1_178' title='bbox 739 2203 850 2274; x_wconf 77' lang='lat' dir='ltr'><strong>regia⁵⁹</strong></span> <span class='ocrx_word' id='word_1_179' title='bbox 873 2205 1053 2266; x_wconf 83' lang='lat' dir='ltr'><strong>ostenditur.</strong></span> 
     </span>
     <span class='ocr_line' id='line_1_25' title="bbox 148 2286 1053 2361; baseline 0.01 -18"><span class='ocrx_word' id='word_1_180' title='bbox 148 2286 201 2360; x_wconf 84' lang='grc'>[25]</span> <span class='ocrx_word' id='word_1_181' title='bbox 223 2290 323 2345; x_wconf 90' lang='lat' dir='ltr'><strong>Murus</strong></span> <span class='ocrx_word' id='word_1_182' title='bbox 335 2289 491 2345; x_wconf 84' lang='lat' dir='ltr'><strong>instructus</strong></span> <span class='ocrx_word' id='word_1_183' title='bbox 509 2290 645 2346; x_wconf 86' lang='lat' dir='ltr'><strong>laterculo</strong></span> <span class='ocrx_word' id='word_1_184' title='bbox 671 2290 773 2361; x_wconf 88' lang='lat' dir='ltr'><strong>coctili,</strong></span> <span class='ocrx_word' id='word_1_185' title='bbox 797 2290 936 2349; x_wconf 88' lang='lat' dir='ltr'><strong>bitumine</strong></span> <span class='ocrx_word' id='word_1_186' title='bbox 958 2293 1053 2352; x_wconf 87' lang='lat' dir='ltr'><strong>inter-</strong></span> 
     </span>
     <span class='ocr_line' id='line_1_26' title="bbox 147 2374 1050 2449; baseline 0.014 -20"><span class='ocrx_word' id='word_1_187' title='bbox 147 2374 254 2446; x_wconf 67' lang='lat' dir='ltr'><strong>bouso,</strong></span> <span class='ocrx_word' id='word_1_188' title='bbox 284 2378 407 2448; x_wconf 87' lang='lat' dir='ltr'><strong>spatium</strong></span> <span class='ocrx_word' id='word_1_189' title='bbox 436 2396 489 2434; x_wconf 87' lang='lat' dir='ltr'><strong>xxx</strong></span> <span class='ocrx_word' id='word_1_190' title='bbox 517 2382 546 2435; x_wconf 89' lang='lat' dir='ltr'><strong>et</strong></span> <span class='ocrx_word' id='word_1_191' title='bbox 570 2379 693 2434; x_wconf 86' lang='lat' dir='ltr'><strong>duorum</strong></span> <span class='ocrx_word' id='word_1_192' title='bbox 720 2380 823 2449; x_wconf 88' lang='lat' dir='ltr'><strong>pedum</strong></span> <span class='ocrx_word' id='word_1_193' title='bbox 834 2385 857 2417; x_wconf 79' lang='lat'><strong>⁴¹</strong></span> <span class='ocrx_word' id='word_1_194' title='bbox 883 2379 917 2435; x_wconf 79' lang='lat' dir='ltr'><strong>in</strong></span> <span class='ocrx_word' id='word_1_195' title='bbox 943 2381 1050 2441; x_wconf 85' lang='lat' dir='ltr'><strong>latitu-</strong></span> 
     </span>
    </p>
   </div>
   <div class='ocr_carea' id='block_1_3' title="bbox 146 2558 1060 3199">
    <p class='ocr_par' dir='ltr' id='par_1_5' title="bbox 146 2558 1060 3199">
     <span class='ocr_line' id='line_1_27' title="bbox 148 2558 1054 2617; baseline 0.017 -16"><span class='ocrx_word' id='word_1_196' title='bbox 148 2564 180 2602; x_wconf 80' lang='grc'>32.</span> <span class='ocrx_word' id='word_1_197' title='bbox 187 2558 286 2613; x_wconf 75' lang='lat' dir='ltr'><strong>floribus</strong></span> <span class='ocrx_word' id='word_1_198' title='bbox 294 2561 494 2615; x_wconf 58' lang='lat' dir='ltr'><strong>coronicqocaop</strong></span> <span class='ocrx_word' id='word_1_199' title='bbox 504 2564 567 2604; x_wconf 82' lang='lat' dir='ltr'><strong>Rem.</strong></span> <span class='ocrx_word' id='word_1_200' title='bbox 623 2562 667 2605; x_wconf 88' lang='lat' dir='ltr'><strong>lion</strong></span> <span class='ocrx_word' id='word_1_201' title='bbox 677 2575 713 2605; x_wconf 89' lang='lat' dir='ltr'><strong>sur</strong></span> <span class='ocrx_word' id='word_1_202' title='bbox 724 2576 747 2606; x_wconf 92' lang='lat' dir='ltr'><strong>ce</strong></span> <span class='ocrx_word' id='word_1_203' title='bbox 760 2564 824 2607; x_wconf 81' lang='lat' dir='ltr'><strong>detail</strong></span> <span class='ocrx_word' id='word_1_204' title='bbox 836 2566 861 2608; x_wconf 89' lang='lat' dir='ltr'><strong>de</strong></span> <span class='ocrx_word' id='word_1_205' title='bbox 876 2566 961 2613; x_wconf 74' lang='lat' dir='ltr'><strong>l’entrie</strong></span> <span class='ocrx_word' id='word_1_206' title='bbox 972 2572 1054 2617; x_wconf 86' lang='lat' dir='ltr'><strong>triom-</strong></span> 
     </span>
     <span class='ocr_line' id='line_1_28' title="bbox 146 2625 1052 2687; baseline 0.007 -21"><span class='ocrx_word' id='word_1_207' title='bbox 146 2627 193 2666; x_wconf 82' lang='grc'>210.</span> <span class='ocrx_word' id='word_1_208' title='bbox 208 2644 235 2652; x_wconf 95' lang='grc'>-</span> <span class='ocrx_word' id='word_1_209' title='bbox 248 2628 281 2666; x_wconf 80' lang='lat'><strong>³³.</strong></span> <span class='ocrx_word' id='word_1_210' title='bbox 299 2634 388 2675; x_wconf 75' lang='lat' dir='ltr'><strong>quoqrcc</strong></span> <span class='ocrx_word' id='word_1_211' title='bbox 402 2628 461 2677; x_wconf 87' lang='lat' dir='ltr'><strong>porte</strong></span> <span class='ocrx_word' id='word_1_212' title='bbox 473 2635 510 2665; x_wconf 87' lang='lat' dir='ltr'><strong>sur</strong></span> <span class='ocrx_word' id='word_1_213' title='bbox 521 2630 569 2667; x_wconf 81' lang='lat' dir='ltr'><strong>tout</strong></span> <span class='ocrx_word' id='word_1_214' title='bbox 623 2625 685 2680; x_wconf 87' lang='lat' dir='ltr'><strong>phale</strong></span> <span class='ocrx_word' id='word_1_215' title='bbox 697 2639 703 2668; x_wconf 94' lang='lat'><strong>:</strong></span> <span class='ocrx_word' id='word_1_216' title='bbox 714 2638 767 2681; x_wconf 90' lang='lat' dir='ltr'><strong>pour</strong></span> <span class='ocrx_word' id='word_1_217' title='bbox 778 2632 812 2669; x_wconf 89' lang='lat' dir='ltr'><strong>cet</strong></span> <span class='ocrx_word' id='word_1_218' title='bbox 825 2630 910 2684; x_wconf 89' lang='lat' dir='ltr'><strong>emploi,</strong></span> <span class='ocrx_word' id='word_1_219' title='bbox 920 2643 968 2687; x_wconf 77' lang='lat' dir='ltr'><strong>roy.</strong></span> <span class='ocrx_word' id='word_1_220' title='bbox 982 2636 1052 2681; x_wconf 63' lang='lat' dir='ltr'><strong>Rern,</strong></span> 
     </span>
     <span class='ocr_line' id='line_1_29' title="bbox 146 2682 1051 2755; baseline 0.017 -29"><span class='ocrx_word' id='word_1_221' title='bbox 146 2682 167 2726; x_wconf 87' lang='lat' dir='ltr'><strong>lc</strong></span> <span class='ocrx_word' id='word_1_222' title='bbox 182 2689 204 2728; x_wconf 81' lang='grc'>2·</span> <span class='ocrx_word' id='word_1_223' title='bbox 220 2685 313 2727; x_wconf 85' lang='lat' dir='ltr'><strong>membre</strong></span> <span class='ocrx_word' id='word_1_224' title='bbox 331 2685 357 2727; x_wconf 88' lang='lat' dir='ltr'><strong>de</strong></span> <span class='ocrx_word' id='word_1_225' title='bbox 373 2684 456 2739; x_wconf 82' lang='lat' dir='ltr'><strong>phrase,</strong></span> <span class='ocrx_word' id='word_1_226' title='bbox 483 2690 504 2728; x_wconf 84' lang='lat' dir='ltr'><strong>et</strong></span> <span class='ocrx_word' id='word_1_227' title='bbox 518 2692 569 2740; x_wconf 89' lang='lat' dir='ltr'><strong>peut</strong></span> <span class='ocrx_word' id='word_1_228' title='bbox 624 2694 738 2733; x_wconf 71' lang='lat' dir='ltr'><strong>lon—38.</strong></span> <span class='ocrx_word' id='word_1_229' title='bbox 751 2690 893 2746; x_wconf 80' lang='lat' dir='ltr'><strong>condiderat,</strong></span> <span class='ocrx_word' id='word_1_230' title='bbox 904 2705 930 2735; x_wconf 87' lang='lat' dir='ltr'><strong>en</strong></span> <span class='ocrx_word' id='word_1_231' title='bbox 945 2701 998 2741; x_wconf 77' lang='lat'><strong>1274</strong></span> <span class='ocrx_word' id='word_1_232' title='bbox 1009 2699 1051 2755; x_wconf 76' lang='grc'>(2).</span> 
     </span>
     <span class='ocr_line' id='line_1_30' title="bbox 146 2748 1051 2817; baseline 0.012 -27"><span class='ocrx_word' id='word_1_233' title='bbox 146 2759 170 2790; x_wconf 84' lang='lat' dir='ltr'><strong>se</strong></span> <span class='ocrx_word' id='word_1_234' title='bbox 184 2748 278 2792; x_wconf 85' lang='lat' dir='ltr'><strong>treduire</strong></span> <span class='ocrx_word' id='word_1_235' title='bbox 297 2762 303 2792; x_wconf 75' lang='grc' dir='ltr'><em>τ</em></span> <span class='ocrx_word' id='word_1_236' title='bbox 316 2748 332 2792; x_wconf 92' lang='lat' dir='ltr'><strong>il</strong></span> <span class='ocrx_word' id='word_1_237' title='bbox 345 2760 359 2803; x_wconf 71' lang='lat' dir='ltr'>y</span> <span class='ocrx_word' id='word_1_238' title='bbox 374 2748 431 2791; x_wconf 81' lang='lat' dir='ltr'><strong>arsit</strong></span> <span class='ocrx_word' id='word_1_239' title='bbox 442 2751 510 2792; x_wconf 57' lang='lat' dir='ltr'><strong>ouon</strong></span> <span class='ocrx_word' id='word_1_240' title='bbox 531 2749 569 2793; x_wconf 86' lang='lat' dir='ltr'><strong>des</strong></span> <span class='ocrx_word' id='word_1_241' title='bbox 621 2774 647 2782; x_wconf 88' lang='lat'>-</span> <span class='ocrx_word' id='word_1_242' title='bbox 660 2756 692 2796; x_wconf 81' lang='lat'><strong>39.</strong></span> <span class='ocrx_word' id='word_1_243' title='bbox 704 2752 775 2808; x_wconf 78' lang='lat' dir='ltr'><strong>reple,</strong></span> <span class='ocrx_word' id='word_1_244' title='bbox 794 2753 814 2795; x_wconf 80' lang='lat' dir='ltr'><strong>le</strong></span> <span class='ocrx_word' id='word_1_245' title='bbox 826 2759 874 2797; x_wconf 85' lang='lat' dir='ltr'><strong>tour</strong></span> <span class='ocrx_word' id='word_1_246' title='bbox 885 2756 912 2799; x_wconf 91' lang='lat' dir='ltr'><strong>de</strong></span> <span class='ocrx_word' id='word_1_247' title='bbox 927 2756 1008 2817; x_wconf 77' lang='lat' dir='ltr'><strong>Babe13</strong></span> <span class='ocrx_word' id='word_1_248' title='bbox 1021 2774 1051 2807; x_wconf 83' lang='lat' dir='ltr'><strong>on</strong></span> 
     </span>
     <span class='ocr_line' id='line_1_31' title="bbox 146 2810 1052 2871; baseline 0.011 -19"><span class='ocrx_word' id='word_1_249' title='bbox 146 2810 202 2855; x_wconf 87' lang='lat' dir='ltr'><strong>lions</strong></span> <span class='ocrx_word' id='word_1_250' title='bbox 224 2818 247 2856; x_wconf 84' lang='lat' dir='ltr'><strong>et</strong></span> <span class='ocrx_word' id='word_1_251' title='bbox 264 2812 302 2857; x_wconf 86' lang='lat' dir='ltr'><strong>des</strong></span> <span class='ocrx_word' id='word_1_252' title='bbox 323 2812 436 2869; x_wconf 77' lang='lat' dir='ltr'><strong>pantheron</strong></span> <span class='ocrx_word' id='word_1_253' title='bbox 457 2813 523 2868; x_wconf 90' lang='lat' dir='ltr'><strong>qui...</strong></span> <span class='ocrx_word' id='word_1_254' title='bbox 541 2836 568 2847; x_wconf 90' lang='lat'><em>-</em></span> <span class='ocrx_word' id='word_1_255' title='bbox 621 2826 647 2856; x_wconf 90' lang='lat' dir='ltr'><strong>en</strong></span> <span class='ocrx_word' id='word_1_256' title='bbox 666 2813 712 2857; x_wconf 82' lang='lat' dir='ltr'><strong>voit</strong></span> <span class='ocrx_word' id='word_1_257' title='bbox 728 2827 803 2859; x_wconf 88' lang='lat' dir='ltr'><strong>encore</strong></span> <span class='ocrx_word' id='word_1_258' title='bbox 820 2816 852 2861; x_wconf 88' lang='lat' dir='ltr'><strong>les</strong></span> <span class='ocrx_word' id='word_1_259' title='bbox 870 2818 952 2864; x_wconf 85' lang='lat' dir='ltr'><strong>ruincs.</strong></span> <span class='ocrx_word' id='word_1_260' title='bbox 964 2844 993 2854; x_wconf 87' lang='lat'><em>-</em></span> <span class='ocrx_word' id='word_1_261' title='bbox 1014 2831 1052 2871; x_wconf 71' lang='lat'><strong>40.</strong></span> 
     </span>
     <span class='ocr_line' id='line_1_32' title="bbox 146 2876 1055 2939; baseline 0.012 -23"><span class='ocrx_word' id='word_1_262' title='bbox 146 2877 181 2917; x_wconf 76' lang='lat' dir='ltr'><strong>cl.</strong></span> <span class='ocrx_word' id='word_1_263' title='bbox 199 2876 321 2931; x_wconf 73' lang='lat' dir='ltr'><strong>perdulce,</strong></span> <span class='ocrx_word' id='word_1_264' title='bbox 337 2887 386 2931; x_wconf 73' lang='lat' dir='ltr'><strong>roy.</strong></span> <span class='ocrx_word' id='word_1_265' title='bbox 407 2876 470 2919; x_wconf 80' lang='lat' dir='ltr'><strong>Rem.</strong></span> <span class='ocrx_word' id='word_1_266' title='bbox 492 2882 526 2921; x_wconf 76' lang='lat'><strong>25.</strong></span> <span class='ocrx_word' id='word_1_267' title='bbox 540 2899 567 2911; x_wconf 79' lang='lat'><em>-</em></span> <span class='ocrx_word' id='word_1_268' title='bbox 621 2878 1055 2939; x_wconf 63' lang='lat' dir='ltr'><strong>muros...lnlerlilns:voy.poureene</strong></span> 
     </span>
     <span class='ocr_line' id='line_1_33' title="bbox 147 2938 1057 3005; baseline 0.014 -27"><span class='ocrx_word' id='word_1_269' title='bbox 147 2939 292 2993; x_wconf 65' lang='lat' dir='ltr'><strong>stamperto</strong></span> <span class='ocrx_word' id='word_1_270' title='bbox 315 2938 418 2994; x_wconf 81' lang='lat' dir='ltr'><strong>equiraut</strong></span> <span class='ocrx_word' id='word_1_271' title='bbox 432 2938 461 2981; x_wconf 92' lang='lat' dir='ltr'><strong>ici</strong></span> <span class='ocrx_word' id='word_1_272' title='bbox 477 2939 489 2980; x_wconf 78' lang='lat' dir='ltr'><strong>i</strong></span> <span class='ocrx_word' id='word_1_273' title='bbox 507 2942 567 2983; x_wconf 88' lang='lat' dir='ltr'><strong>notre</strong></span> <span class='ocrx_word' id='word_1_274' title='bbox 622 2940 749 2995; x_wconf 86' lang='lat' dir='ltr'><strong>description</strong></span> <span class='ocrx_word' id='word_1_275' title='bbox 770 2942 807 2985; x_wconf 87' lang='lat' dir='ltr'><strong>des</strong></span> <span class='ocrx_word' id='word_1_276' title='bbox 826 2942 904 2987; x_wconf 75' lang='lat' dir='ltr'><strong>details</strong></span> <span class='ocrx_word' id='word_1_277' title='bbox 928 2948 1057 3005; x_wconf 70' lang='lat' dir='ltr'><strong>analogues</strong></span> 
     </span>
     <span class='ocr_line' id='line_1_34' title="bbox 147 2998 1058 3061; baseline 0.015 -24"><span class='ocrx_word' id='word_1_278' title='bbox 147 3001 192 3039; x_wconf 84' lang='lat' dir='ltr'><strong>mot</strong></span> <span class='ocrx_word' id='word_1_279' title='bbox 210 3002 309 3045; x_wconf 59' lang='lat' dir='ltr'><strong>omnim.</strong></span> <span class='ocrx_word' id='word_1_280' title='bbox 322 3024 350 3034; x_wconf 92' lang='lat'><strong>·-</strong></span> <span class='ocrx_word' id='word_1_281' title='bbox 367 2998 401 3046; x_wconf 75' lang='lat' dir='ltr'><strong>ic.</strong></span> <span class='ocrx_word' id='word_1_282' title='bbox 413 3001 453 3043; x_wconf 75' lang='lat' dir='ltr'><strong>ros·</strong></span> <span class='ocrx_word' id='word_1_283' title='bbox 467 3004 565 3057; x_wconf 70' lang='lat' dir='ltr'><strong>ponente,</strong></span> <span class='ocrx_word' id='word_1_284' title='bbox 621 3002 675 3046; x_wconf 84' lang='lat' dir='ltr'><strong>dans</strong></span> <span class='ocrx_word' id='word_1_285' title='bbox 694 3000 800 3047; x_wconf 79' lang='lat' dir='ltr'><strong>Herodote</strong></span> <span class='ocrx_word' id='word_1_286' title='bbox 819 3005 916 3061; x_wconf 82' lang='lat' dir='ltr'><strong>(l,179);</strong></span> <span class='ocrx_word' id='word_1_287' title='bbox 938 3007 973 3053; x_wconf 84' lang='lat' dir='ltr'><strong>les</strong></span> <span class='ocrx_word' id='word_1_288' title='bbox 991 3025 1058 3061; x_wconf 60' lang='lat' dir='ltr'><strong>murs</strong></span> 
     </span>
     <span class='ocr_line' id='line_1_35' title="bbox 146 3062 1059 3125; baseline 0.01 -19"><span class='ocrx_word' id='word_1_289' title='bbox 146 3068 234 3113; x_wconf 75' lang='lat' dir='ltr'><strong>proprus</strong></span> <span class='ocrx_word' id='word_1_290' title='bbox 245 3064 257 3105; x_wconf 77' lang='lat' dir='ltr'><strong>a</strong></span> <span class='ocrx_word' id='word_1_291' title='bbox 270 3062 318 3107; x_wconf 87' lang='lat' dir='ltr'><strong>leur</strong></span> <span class='ocrx_word' id='word_1_292' title='bbox 331 3063 412 3107; x_wconf 84' lang='lat' dir='ltr'><strong>nation.</strong></span> <span class='ocrx_word' id='word_1_293' title='bbox 421 3068 488 3107; x_wconf 71' lang='grc'><strong>-37,</strong></span> <span class='ocrx_word' id='word_1_294' title='bbox 503 3074 565 3117; x_wconf 78' lang='lat' dir='ltr'><strong>cum,</strong></span> <span class='ocrx_word' id='word_1_295' title='bbox 621 3065 699 3108; x_wconf 77' lang='lat' dir='ltr'><strong>decrits</strong></span> <span class='ocrx_word' id='word_1_296' title='bbox 717 3064 744 3108; x_wconf 87' lang='lat' dir='ltr'><strong>ici</strong></span> <span class='ocrx_word' id='word_1_297' title='bbox 765 3070 815 3110; x_wconf 85' lang='lat' dir='ltr'><strong>sont</strong></span> <span class='ocrx_word' id='word_1_298' title='bbox 832 3068 920 3115; x_wconf 85' lang='lat' dir='ltr'><strong>l’oeuvre</strong></span> <span class='ocrx_word' id='word_1_299' title='bbox 937 3072 964 3116; x_wconf 91' lang='lat' dir='ltr'><strong>de</strong></span> <span class='ocrx_word' id='word_1_300' title='bbox 976 3074 1059 3125; x_wconf 70' lang='lat' dir='ltr'><strong>Nabu·</strong></span> 
     </span>
     <span class='ocr_line' id='line_1_36' title="bbox 147 3117 1060 3199; baseline 0.014 -40"><span class='ocrx_word' id='word_1_301' title='bbox 147 3117 311 3178; x_wconf 73' lang='lat' dir='ltr'><strong>cormacum,</strong></span> <span class='ocrx_word' id='word_1_302' title='bbox 318 3130 363 3169; x_wconf 75' lang='lat' dir='ltr'><strong>sert</strong></span> <span class='ocrx_word' id='word_1_303' title='bbox 371 3124 473 3180; x_wconf 78' lang='lat' dir='ltr'><strong>lappeler</strong></span> <span class='ocrx_word' id='word_1_304' title='bbox 483 3124 566 3168; x_wconf 83' lang='lat' dir='ltr'><strong>l&#39;atten-</strong></span> <span class='ocrx_word' id='word_1_305' title='bbox 620 3126 759 3181; x_wconf 85' lang='lat' dir='ltr'><strong>cbodonosor,</strong></span> <span class='ocrx_word' id='word_1_306' title='bbox 768 3134 814 3173; x_wconf 78' lang='lat' dir='ltr'><strong>tol.</strong></span> <span class='ocrx_word' id='word_1_307' title='bbox 822 3135 997 3194; x_wconf 65' lang='lat' dir='ltr'><strong>-41.pedum‚</strong></span> <span class='ocrx_word' id='word_1_308' title='bbox 1004 3152 1060 3199; x_wconf 65' lang='lat'><strong>¹05·</strong></span> 
     </span>
    </p>
   </div>
   <div class='ocr_carea' id='block_1_4' title="bbox 0 0 1164 3500">
    <p class='ocr_par' dir='ltr' id='par_1_6' title="bbox 0 0 1164 3500">
     <span class='ocr_line' id='line_1_37' title="bbox 0 0 1164 3500; baseline 0 0"><span class='ocrx_word' id='word_1_309' title='bbox 0 0 1164 3500; x_wconf 95' lang='lat' dir='ltr'><strong> </strong></span> 
     </span>
    </p>
   </div>
  </div>
 </body>
</html>
