2317 3500
105 201 252 283 [1111331]
324 179 327 182 ’
456 215 611 264 11001110.
881 209 884 216 '
944 201 978 260 81

103 336 143 389 tus
154 332 268 390 exsistit.
288 331 324 404 [7]
341 331 570 403 luctandumque
579 337 603 370 ¹¹
615 334 659 388 est
677 345 733 387 non
747 335 841 388 solum
858 347 923 389 cum
937 348 969 387 ar

102 422 207 478 dorcet
230 420 356 478 siccitate
377 419 513 494 regionis,
533 420 584 477 sed
606 419 693 476 etiam
709 436 774 476 cum
799 419 978 481 tenacissimo

101 511 198 580 sabulo,
212 509 298 582 quod,
312 508 458 581 praealtum
473 511 504 564 et
515 507 635 580 vestigio
643 509 753 578 cedens,
768 527 843 583 aegre
855 509 979 567 moliun-

101 603 143 656 tur
158 601 249 671 pedes.
834 666 838 672 Ι

131 687 161 761 [8]
175 687 239 743 Hoc
252 685 377 760 AEgyplii
395 702 463 743 vcro
473 691 496 726 ¹⁵
514 685 624 760 majora
635 686 790 760 jactabant.
806 686 862 742 Sed
881 685 980 760 ingens

99 776 190 848 cupido
205 774 330 832 animum
340 774 505 832 stimulabat
518 773 638 832 adeundi
650 775 760 843 iovem,
772 790 857 848 quem
870 774 982 846 generis

98 863 306 932 animatorum,
325 863 401 919 haud
418 865 568 918 contentus
582 863 696 919 mortali
715 861 840 936 fastigio,
856 865 906 918 aut
923 877 981 917 cre·

97 952 176 1007 debat
188 967 250 1008 esse
267 955 317 1008 aut
328 950 403 1006 credi
415 951 537 1007 volebat.
554 949 588 1023 [9]
607 951 682 1024 Ergo
705 967 769 1007 cum
787 949 823 1006 iis
844 965 916 1023 quos
931 951 982 1006 du·

98 1055 157 1095 cere
179 1056 274 1096 secum
296 1042 446 1104 statuerat,
463 1037 586 1093 secundo
608 1055 697 1106 amne,
717 1039 860 1095 descendit
874 1040 909 1096 ad
923 1038 983 1096 Ma-

97 1125 184 1183 reotin
203 1121 344 1198 paludem.
368 1124 409 1180 Eo
426 1123 512 1197 legati
532 1123 737 1196 Cyrenensium
756 1125 830 1182 dona
850 1127 981 1192 attulere,

96 1232 189 1287 pacem
202 1220 231 1272 et
242 1218 274 1270 ut
286 1213 376 1271 adiret
387 1213 472 1270 urbes
485 1229 553 1269 suas
568 1219 706 1284 petentes.
721 1213 781 1280 ille,
795 1213 878 1270 donis
892 1230 982 1286 accep

96 1303 131 1358 tis
143 1301 320 1374 amicitiaque
328 1301 489 1374 conjuncta,
498 1301 638 1359 destinata
646 1302 759 1375 exsequi
771 1301 849 1374 pergi
854 1303 872 1356 t.
884 1299 983 1373 [10]Αο

96 1391 183 1464 primo
198 1391 311 1462 quidem
320 1393 350 1446 01
358 1393 495 1461 sequente
504 1389 549 1446 die
559 1391 714 1449 tolerabilis
727 1390 807 1446 labor
818 1389 908 1461 visos,
916 1405 973 1444 non
1050 1396 1054 1403 '

96 1480 161 1534 dum
184 1482 242 1534 tam
260 1476 348 1533 vastis
369 1475 508 1550 nudisque
540 1477 740 1534 solitudinibus
768 1477 852 1534 aditis
862 1481 894 1545 ¹⁴,
923 1477 982 1550 jam

96 1567 187 1622 1011100
198 1565 288 1621 0101111
303 1569 333 1622 01
342 1564 497 1621 emoriente
505 1569 528 1604 ¹⁸
540 1568 624 1623 terra.
635 1566 689 1640 [11]
706 1567 761 1624 Sed
775 1570 808 1624 ut
821 1565 983 1638 aperuere⁴ss

95 1669 125 1709 se
135 1652 225 1724 campi
235 1654 292 1709 alto
299 1653 393 1709 obruti
408 1653 517 1723 sabulo,
527 1653 602 1710 haud
617 1671 698 1712 000110
713 1671 798 1727 quam
809 1654 982 1727 profundum

94 1759 189 1815 aequor
200 1741 332 1814 ingressi,
347 1744 453 1799 terram
467 1742 556 1799 oculis
567 1743 758 1817 requirebant.
774 1741 827 1817 [11]
842 1741 927 1798 Nulla
936 1759 982 1798 ar-

93 1830 153 1899 bor,
165 1830 276 1886 nullum
287 1831 355 1886 culti
370 1831 423 1887 soli
438 1832 603 1887 occurrebat
621 1831 783 1903 vestigium.
796 1833 876 1903 Aqua
897 1830 983 1885 etiarn

92 1918 242 1985 deiecerat,
258 1935 343 1990 quam
357 1918 469 1975 utribus
483 1918 583 1974 carneli
596 1922 741 1987 vexerant,
751 1920 780 1973 et
792 1918 820 1973 in
833 1916 912 1973 arido
922 1916 984 1973 solo

91 2006 241 2063 ecferrido
250 2006 347 2062 sabulo
359 2007 438 2061 nulla
446 2008 518 2062 crat.
535 2005 586 2077 [13]
602 2006 642 2060 Ad
658 2006 710 2061 hoc
725 2006 766 2061 sol
787 2005 881 2061 omnia
893 2004 984 2059 incen-

90 2096 182 2160 derat,
197 2095 325 2166 siccaque
339 2099 368 2151 et
378 2094 478 2150 adusta
492 2096 574 2149 erant
591 2110 651 2163 ora,
668 2111 732 2150 curn
747 2098 863 2165 repente
877 2124 910 2134 —
925 2093 984 2150 sive

89 2183 163 2238 illud
173 2184 292 2238 deorum
306 2198 410 2239 munus
425 2182 483 2237 sive
495 2196 577 2237 casus
593 2182 646 2237 luit
661 2214 694 2223 -
711 2183 838 2240 obductae
850 2184 917 2237 caelo
932 2198 983 2237 nu-

86 2272 139 2326 bes
152 2270 304 2326 condidere
318 2272 417 2333 solem,
436 2270 536 2340 ingens
547 2273 618 2325 aestu
635 2270 771 2343 fatigatis,
786 2270 896 2327 etiamsi
912 2288 983 2343 aqua

84 2360 266 2426 deiiceretfl,
278 2357 421 2413 auxilium.
439 2357 490 2429 [tn]
505 2357 683 2415 Enimvero¹⁸
701 2364 733 2415 ut
747 2364 859 2433 largum
872 2376 983 2432 quoque

84 2447 213 2502 imbrem
236 2450 417 2502 excusserunt
438 2447 582 2521 procellae,
601 2462 652 2518 pro
670 2464 700 2504 se
723 2448 842 2521 quisque
858 2449 983 2521 excipere

81 2550 168 2602 eum,
184 2532 309 2603 quidam,
322 2534 358 2589 ob
372 2532 449 2588 sitim
461 2532 630 2603 impotentes
639 2534 693 2603 sui,
706 2553 754 2592 ore
767 2552 879 2609 quoque
894 2535 983 2593 hianti

78 2625 205 2693 captare
219 2626 370 2692 coeperunt.

118 2708 179 2781 [15]
189 2706 384 2773 Quadriduum
393 2724 443 2780 per
455 2711 548 2764 vastas
558 2708 724 2768 solitudines
738 2713 919 2784 absumptum
930 2712 983 2765 est.

76 2799 214 2869 Jamque
236 2798 312 2853 haud
330 2797 428 2868 procul
441 2802 463 2835 ¹⁹
477 2797 583 2852 oraculi
598 2800 664 2855 sede
682 2801 808 2871 aberant,
824 2818 888 2856 cum
908 2814 986 2854 com-

75 2946 191 3003 poo‘tiquc
203 2958 229 2990 011
241 2958 263 2991 00
272 2957 328 2992 scus.
337 2968 365 2980 -
380 2954 411 2993 11.
427 2945 512 2989 tuciori
564 2969 590 2979 -
604 2954 635 2992 15.
648 2948 779 3001 emoriente,
790 2959 837 3002 10].
853 2946 915 2989 Rana.
926 2948 951 2987 18
964 2941 985 2987 b.

74 3021 149 3062 cuna,
161 3022 213 3064 roy.
225 3011 368 3055 11011190.-
377 3017 409 3054 10.
415 3020 467 3051 0010
479 3012 511 3051 ost
564 3032 591 3041 -
602 3014 662 3054 stoc
671 3022 789 3065 operuere,
797 3006 913 3061 vocarem.
921 3012 985 3050 ts.-

73 3084 107 3114 un
121 3071 214 3115 ablatis.
229 3096 255 3105 -
269 3077 299 3119 ,1.
311 3071 465 3115 comeaeris...
475 3082 512 3114 so·
567 3078 597 3117 11.
608 3073 724 3115 etiamsi...
735 3070 843 3119 deficeret,
860 3066 878 3109 si
894 3066 913 3108 la
929 3063 986 3121 pluis

72 3134 234 3177 taudiniaco
242 3134 320 3177 odilia
331 3133 431 3176 L'ablatif
439 3132 512 3175 absolu
565 3147 592 3177 00
604 3134 691 3177 tombalt
705 3142 750 3186 pas.
767 3150 790 3160 -
813 3135 844 3172 18.
862 3129 987 3178 enimvero,

69 3207 86 3238 ι
107 3194 142 3238 ici
158 3196 180 3238 10
192 3190 355 3239 0000001000011
368 3196 394 3238 dc
406 3196 512 3249 quoique.
565 3208 609 3247 car,
618 3206 671 3250 pour
688 3191 760 3235 dlrola
772 3188 921 3234 verita-19.
932 3198 988 3243 pro·

153 3301 351 3345 quinas-cuma.
852 3285 866 3331 6
