2317 3500
123 135 180 192 346
439 147 468 197 o.
492 145 585 189 cunm
609 145 682 187 nuri
745 124 1043 206 [11111111326-325]

123 266 236 338 poterat
251 266 279 318 et
293 263 353 334 capi
372 264 464 318 vivus.
481 263 514 334 [3]
530 262 588 317 Sed
600 261 673 316 iorte
685 259 726 315 ita
746 259 902 318 libraverat
921 274 1043 330 corpus

125 357 156 409 ut
171 369 200 408 se
215 351 334 423 pedibus
348 352 498 423 exciperet.
518 351 616 423 ltaque
628 353 709 405 stans
719 348 773 405 init
785 364 923 420 pugnam,
937 352 981 415 et,
998 366 1044 405 ne

126 443 267 500 circumiri
291 447 395 516 posset,
416 443 529 499 fortuna
549 440 722 513 providerat.

162 533 195 606 [1]
217 531 335 589 Vetusta
354 533 448 600 arbor,
466 532 543 587 haud
559 532 655 602 procul
669 536 681 567 ³
696 547 791 599 muro,
816 546 915 586 ramos
937 531 1044 586 multa

127 624 228 680 fronde
247 623 376 690 vestitos,
399 622 478 676 velut
499 622 533 676 de
557 621 698 676 industria
721 637 819 692 regem
842 622 1043 691 protegentes

128 712 268 786 objecerat
288 733 293 766 :
316 712 401 784 liujus
424 710 548 783 spatioso
575 710 666 780 stipiti
687 726 791 782 eorpus
815 709 861 780 [ne
884 709 1042 764 circumiri

130 801 233 874 posset]
250 800 395 873 applicuit,
405 799 494 871 clipeo
505 800 561 856 tela
572 816 635 871 quae
647 815 680 855 ex
695 799 814 855 adverso
822 798 1043 870 ingerebantur

130 890 280 962 excipiens
306 890 338 962 [5]
357 889 440 958 Nam,
460 906 524 945 cum
545 906 634 944 unum
648 889 747 959 procul
769 890 928 945 totmanus
949 893 1044 958 pete-

130 983 204 1043 rent,
215 983 401 1035 nemotamen
418 979 538 1034 audebat
549 979 666 1049 propius
679 980 810 1033 accedere
823 999 830 1031 :
845 976 972 1032 missilia
986 995 1043 1033 ra-

131 1068 186 1125 mis
200 1069 282 1140 plura
294 1085 379 1139 quam
390 1068 479 1140 clipeo
491 1067 662 1122 incidebant.

168 1158 201 1231 [6]
215 1159 365 1232 Pugnabat
378 1175 429 1229 pro
445 1173 512 1230 rege
525 1157 650 1229 primum
659 1154 793 1211 celebrati
806 1154 932 1210 nominis
947 1155 1045 1223 lama,

134 1248 235 1304 deinde
255 1248 425 1318 desperatio,
443 1263 579 1318 magnum
606 1245 640 1302 ad
661 1245 780 1300 honeste
793 1243 979 1300 moriendum
996 1245 1048 1299 in-

135 1337 328 1394 citamentum.
351 1336 384 1407 [7]
405 1336 470 1403 Sed,
487 1351 550 1390 cum
563 1334 682 1390 subinde
696 1333 788 1390 hostis
809 1332 959 1400 adimeret,
979 1333 1049 1406 jam

136 1424 281 1496 ingentem
303 1422 360 1478 vim
383 1424 506 1478 telorum
534 1425 682 1494 exceperat
710 1421 810 1494 clipeo,
834 1421 893 1493 jam
923 1423 1048 1494 galeam

136 1529 203 1570 saxa
224 1512 429 1583 perfregerant,
448 1512 507 1583 jam
526 1512 661 1568 continuo
683 1513 782 1569 labore
804 1515 922 1583 gravata
941 1527 1046 1583 genua

138 1599 323 1657 succiderant.
344 1600 377 1672 [8]
399 1600 497 1674 ltaque
514 1601 706 1672 contemptim
729 1605 758 1657 et
782 1601 893 1656 incaute
908 1601 959 1671 qui
974 1619 1051 1672 pro-

137 1689 204 1746 ximi
217 1692 356 1747 steterant
369 1689 551 1747 incurrerunt
566 1708 573 1746 :
587 1708 602 1747 e
616 1689 721 1764 quibus
735 1691 807 1746 duos
821 1687 916 1763 gladio
931 1690 976 1745 ita
999 1708 1052 1747 ex-

139 1779 222 1851 cepit,
237 1784 269 1837 ut
288 1785 353 1837 ante
372 1780 465 1853 ipsum
482 1781 625 1837 exanimes
643 1782 873 1851 procumberent.
899 1778 959 1834 Nec
982 1783 1051 1838 eui-

140 1886 225 1940 quam
240 1869 341 1926 deinde
354 1870 470 1941 propius
490 1869 647 1924 incessendi
662 1868 850 1926 eumanimus
863 1867 1052 1939 fuittprocul

139 1958 232 2030 jacula
243 1959 420 2031 sagittasque
432 1958 593 2013 mittebant.
613 1957 718 2029 [9]]1111,
734 1960 770 2014 ad
788 1974 888 2014 omnes
901 1955 980 2013 ictus
997 1977 1054 2017 ex-

141 2045 276 2116 positus⁴,
299 2063 356 2101 non
381 2063 456 2119 aegre
470 2050 565 2102 tamen
585 2050 730 2116 exceptum
748 2047 917 2118 poplitibus³
935 2062 1052 2121 corpus

142 2135 284 2203 tuebatur,
296 2132 384 2191 donec
406 2136 493 2191 lndus
516 2138 638 2192 dirorum
661 2137 822 2193 cubitorum
847 2135 985 2208 sagittam
1011 2172 1055 2183 -

143 2242 264 2299 namque
276 2223 362 2295 lndis,
374 2228 406 2281 ut
419 2230 517 2282 anteei
528 2226 660 2293 diximus,
675 2226 761 2299 hujus
776 2225 985 2299 magnitudinis
1000 2246 1056 2286 sa-

144 2314 222 2385 gittae
236 2318 318 2370 erant
331 2345 359 2355 -
372 2314 412 2371 ita
426 2315 557 2381 excussit,
569 2321 601 2372 ut
611 2333 662 2387 per
669 2316 815 2373 thoracem
828 2317 943 2387 paulum
957 2332 1055 2388 super

145 2403 220 2457 latus
231 2403 359 2457 dextrum
370 2403 509 2475 infigeret.
521 2404 571 2476 [10]
584 2404 645 2469 Quo
659 2406 777 2461 vulnere
788 2404 925 2471 adflictus,
939 2422 1056 2477 magna

146 2488 172 2545 vi
188 2489 336 2561 sanguinis
350 2490 497 2562 emicante,
512 2491 623 2547 remisit
639 2510 729 2558 arma,
746 2492 914 2550 moribundo
929 2492 1054 2563 similiS,

148 2579 272 2649 adeoque
294 2580 447 2651 resolutus,
472 2585 504 2635 ut
527 2598 562 2637 ne
586 2583 622 2636 ad
642 2584 804 2638 vellendum
823 2580 938 2653 quidem
954 2584 1056 2641 telum

148 2668 291 2723 sufficeret
305 2669 427 2723 dextera.
442 2668 492 2741 [11]
509 2668 606 2741 ltaque
619 2671 654 2726 ad
669 2672 847 2741 spoliandum
862 2686 978 2739 corpuS,
1000 2676 1056 2743 qui

150 2757 355 2831 vulneraverat,
376 2757 468 2811 alacer
488 2758 592 2828 gaudio
609 2759 740 2813 accurrit.
762 2760 852 2827 Quem
875 2758 907 2810 ut
930 2757 1057 2829 injicere

151 2844 261 2915 corpori
275 2860 326 2899 suo
339 2861 440 2901 manus
453 2846 553 2915 sensit,
561 2848 656 2912 credo,
664 2846 759 2902 ultimi
768 2845 913 2904 dedecoris
922 2844 1057 2918 indigni-

153 3013 327 3067 3.procul,voy.
342 3016 527 3059 demist—4.
540 3015 572 3057 cd
622 3025 660 3056 sur
678 3026 712 3057 ses
733 3013 818 3067 iarrets,
844 3010 975 3053 c'est-ldire
1001 3025 1059 3066 age-

155 3071 213 3112 ietus
222 3077 350 3126 capestres,
359 3088 406 3131 vop.
417 3078 478 3119 Hem.
492 3083 537 3120 170.
545 3098 570 3111 -
623 3076 710 3128 necilli,
723 3088 746 3117 ce
754 3076 792 3130 qui
813 3074 842 3118 lui
852 3071 975 3126 permetlait
987 3074 1016 3115 de
1030 3088 1059 3120 se

156 3135 173 3170 t.
192 3140 311 3185 acceptum
335 3138 471 3191 poplitibus,
491 3139 572 3194 appupi
624 3138 708 3180 couvrir
718 3142 766 3179 tout
774 3136 875 3181 1111111.-
894 3138 915 3175 6.
929 3138 1057 3185 mmo,
