2317 3500
176 134 230 189 130
498 139 527 190 e.
551 138 643 182 cunni
666 138 739 182 nuri
871 126 983 204 [urvna
1000 123 1075 207 331]

173 273 285 315 amnem
299 255 348 328 qui
365 253 494 310 retentus
507 249 629 306 aerius⁸¹
644 247 768 322 quamsi
782 248 871 305 libero
885 265 972 306 eursu
992 267 1078 309 mea-

173 349 217 401 ret
231 342 360 399 illiditur.

210 431 262 504 [31]
278 432 374 486 lreem
393 443 506 499 queque
527 423 635 481 ambitu
658 440 694 480 xx
716 423 808 480 stadia
825 425 1000 496 complexam
1023 426 1081 484 ha·

174 523 251 576 bent.
266 536 321 575 nux
338 518 425 589 pedes
438 515 468 571 in
487 518 595 570 terram
614 511 739 568 turrium
753 512 933 568 fundamenta
950 513 1081 572 demissa

174 608 251 677 sunt,
281 607 317 660 ad
341 620 413 660 ιω
438 618 583 659 summum
610 599 779 656 munimenti
802 599 949 673 fastigium
971 617 1081 672 perve-

175 695 228 750 nit.
250 691 303 766 [32]
334 691 426 763 Super
447 707 551 761 arcem,
575 690 724 762 vulgatum
748 688 910 745 Graecorum
930 690 1035 747 labulis
1054 699 1081 732 ⁸²

175 781 355 849 miraculum,
374 778 497 849 pensiles
514 777 591 834 horti
611 780 688 846 sunt,
700 793 853 845 ,summam
866 793 1017 834 murorum
1034 782 1082 836 al-

176 868 328 926 titudinem
350 868 494 939 oequantes
520 866 733 938 multarumque
758 865 893 922 arborum
922 866 1024 921 umbra
1051 873 1083 924 et

177 956 345 1029 proceritate
378 954 490 1010 amoeui.
517 953 571 1028 [33]
601 954 675 1010 Saxo
699 953 763 1026 pilae
787 969 850 1025 quae
881 955 974 1008 totum
1004 971 1084 1013 onus

177 1044 321 1102 sustinent
342 1042 488 1099 instructae
511 1046 589 1113 sunt,
604 1059 689 1114 super
703 1041 774 1112 pilas
793 1040 886 1112 lapide
894 1043 917 1078 ¹⁵⁵
936 1043 1084 1113 quadrato

179 1134 273 1190 solum
284 1135 407 1189 stratum
416 1134 469 1199 est,
484 1130 595 1202 patiens
608 1133 691 1186 terrae
699 1134 723 1168 ⁸⁴
734 1146 821 1200 quam
833 1129 920 1184 altam
932 1127 1084 1201 injiciunt,

181 1226 209 1277 et
223 1219 381 1275 humoris⁸⁸
393 1234 450 1290 quo
464 1217 560 1289 rigant
573 1221 681 1272 terras:
696 1217 823 1289 adeoque
836 1215 944 1273 validas
959 1217 1088 1280 arbores

182 1307 323 1364 sustinent
340 1307 440 1373 moles,
462 1308 495 1360 ut
513 1304 624 1374 stipites
641 1319 741 1360 earum
758 1321 810 1361 vui
829 1305 990 1361 cubitorum
1014 1323 1090 1380 spa-

180 1397 253 1450 tium
269 1391 456 1450 crassitudine
469 1396 591 1463 sequent,
608 1391 636 1446 in
654 1408 671 1448 ι
686 1393 790 1462 pedum
810 1391 990 1448 altitudinem
1004 1397 1090 1453 emi-

181 1485 276 1549 neant,
288 1479 487 1552 lrugileraeque
497 1478 565 1549 sint,
575 1482 608 1534 ut
620 1479 643 1534 si
652 1482 730 1535 terra
742 1495 793 1536 sua
801 1482 954 1537 alerentur.
966 1481 1021 1555 [34]
1034 1485 1088 1555 Et,

180 1584 246 1622 eum
267 1568 393 1622 vetustas
413 1580 470 1620 non
489 1580 575 1635 opera
596 1565 688 1620 selum
709 1582 795 1622 manu
816 1565 898 1635 laeta,
918 1567 968 1622 sed
989 1570 1092 1632 etiarn

181 1655 271 1726 ipsam
291 1658 422 1710 naturam
438 1652 572 1724 paulatim
590 1653 732 1710 exedendo
752 1653 882 1725 perimat,
903 1655 961 1710 haee
975 1659 1090 1734 moles,

182 1764 245 1819 quas
265 1747 309 1802 tot
328 1743 462 1802 arborum
482 1742 624 1801 radicibus
645 1741 783 1815 premitur
803 1743 932 1815 tantique
951 1752 1092 1811 nemoris

182 1836 306 1906 pendere
319 1835 437 1889 onerata
449 1836 502 1902 est,
518 1831 653 1889 inviolata
667 1833 751 1887 durat
759 1835 799 1897 ’ὓς
815 1832 919 1903 quippe
940 1850 977 1890 xx
989 1840 1092 1907 pedes

181 1922 232 1978 lati
252 1920 375 1993 parietes
397 1920 547 1989 sustinent,
571 1938 600 1977 xr
622 1921 726 1992 pedum
747 1920 896 1976 intervallo
927 1921 1089 2002 distantes,

181 2015 214 2066 ut
231 2008 329 2082 preeul
342 2006 498 2063 visentibus
512 2008 590 2063 silvae
615 2008 759 2064 mentibus
774 2007 835 2065 suis
854 2007 1006 2067 imminere
1039 2018 1092 2073 vi-

181 2099 339 2153 deanturv.
356 2093 410 2168 [35]
424 2093 512 2165 Syriae
522 2099 546 2133 ⁸⁸
557 2111 666 2167 regem,
677 2095 819 2167 Babylone
831 2102 1012 2171 regnantem,
1026 2102 1090 2163 hoc

181 2202 253 2258 opus
264 2199 327 2241 esse
349 2182 480 2237 molitum
501 2183 645 2238 memoria
667 2183 812 2262 proditum
826 2189 881 2255 est,
897 2202 995 2243 amore
1009 2206 1090 2249 con-

179 2273 257 2345 jugis
269 2271 384 2337 vietum,
405 2286 478 2342 quae,
500 2269 639 2327 desiderio
657 2287 809 2335 nemorum
833 2272 1028 2348 silvarumque
1056 2281 1088 2337 in

181 2360 386 2430 campestribus
408 2356 487 2428 loeis,
512 2358 606 2416 virum
624 2360 793 2431 eompulit⁸⁹
817 2362 1011 2421 amenitatem
1031 2384 1089 2424 na-

182 2449 255 2502 turae
272 2461 377 2518 genere
390 2446 476 2519 hujus
487 2446 614 2519 operis⁶⁰
624 2446 741 2505 imitari.

182 2666 242 2709 ville.
254 2687 283 2697 -
295 2671 329 2709 tl.
341 2664 423 2707 ussus
434 2668 494 2717 porte
505 2675 542 2707 sur
554 2664 604 2707 tui-
657 2668 827 2719 tugnesodelles
836 2668 951 2711 sontutes.
962 2677 1032 2714 -5e.
1041 2672 1090 2724 sp-

181 2730 255 2772 dltur.
268 2749 296 2760 -
306 2733 339 2771 tt
356 2724 455 2777 subula.
468 2725 531 2768 recita
542 2725 604 2768 labu—
656 2729 707 2780 stre,
717 2727 834 2784 d'Assvrle.
842 2728 896 2781 Quel
903 2733 936 2773 est
945 2741 968 2773 ee
977 2730 1031 2773 roi?
1041 2732 1091 2775 Nu-

181 2790 239 2832 leux.
249 2810 277 2821 ·-
286 2793 318 2833 tt.
334 2786 419 2840 lepide,
430 2795 480 2839 vev.
490 2787 553 2829 llam.
563 2792 601 2830 le.
657 2790 826 2843 buelmdeuosor,
841 2789 926 2833 suivant
942 2792 1037 2847 Josephe
1054 2795 1090 2849 (ι,

180 2872 208 2885 -
220 2856 254 2896 tl.
262 2850 355 2905 patim
368 2853 437 2891 uara
451 2851 484 2889 est
497 2847 602 2902 poetique.
659 2853 700 2905 ll),
717 2852 785 2907 Cyrus
801 2865 829 2895 eu
844 2852 975 2904 semiramis,
995 2855 1092 2902 suivant

182 2912 424 2965 -tuleumon'avop
433 2908 530 2954 Itomae
542 2921 565 2952 a.
576 2930 603 2939 -
657 2913 718 2957 Ptine
732 2914 828 2958 l'Aneien
842 2914 933 2968 lumb).
941 2937 968 2947 -
976 2922 1011 2960 59.
1023 2930 1094 2961 eem-

183 2975 301 3025 undumt,
312 2984 361 3028 vop.
372 2971 508 3015 Μηδὲ.-
519 2972 604 3015 nteit·
654 2974 726 3029 pulit.
747 2985 796 3029 vav.
814 2974 877 3016 Rern.
898 2978 944 3017 tlt.
955 2995 984 3005 -
1000 2980 1036 3018 eo.
1051 2990 1095 3033 pe-

182 3046 241 3079 on...
255 3037 380 3078 οἰάκων
391 3031 523 3085 equimutl:
532 3044 559 3075 en
571 3032 605 3075 di·
656 3036 792 3091 modulus
804 3034 1046 3089 waladamarcam
1055 3039 1096 3082 bi-

183 3096 273 3138 ratden
284 3097 350 3140 lortte
360 3098 492 3139 eouumam
504 3093 535 3137 les
543 3105 602 3137 mon·
658 3108 723 3149 sarrs,
735 3095 899 3149 quiequiveutt
910 3106 917 3139 r
929 3099 1092 3154 operaturus
