2317 3500
178 148 235 202 354
504 165 533 215 Q·
559 163 654 210 cunrr
676 166 751 213 nuru
837 150 918 238 [mv.
936 163 1105 248 326-325]

175 275 242 331 vita.
267 274 298 330 Si
319 275 441 347 licuerit,
463 277 524 351 ipse
537 283 678 352 praestabo
701 285 756 342 hoc
775 287 827 344 :si
848 305 895 346 me
916 301 1105 368 preceperit

175 363 276 432 fatum,
292 368 371 422 vos³⁹
385 367 536 425 mandasse
548 385 599 427 me
608 377 820 433 mementote.»
835 379 875 434 Ac
885 383 949 436 tum
966 385 1100 456 quidem

175 453 281 511 amicos
302 453 431 512 dimisit:
447 460 573 514 ceterum
588 476 639 532 per
657 464 820 536 complures
835 467 897 525 dies
917 471 958 526 ibi
979 478 1100 534 stativa

173 542 283 602 habuit.

187 731 308 781 'troubles
320 733 380 782 chez
391 731 428 782 les
438 731 513 784 Greos
521 733 554 786 de
564 733 590 784 la
598 735 738 788 Bactriano.
746 767 777 778 —
788 742 912 808 Banuet,
920 751 955 810 et,
970 749 987 798 a
1002 757 1076 802 cette

311 803 437 867 occasion,
452 804 554 855 combat
566 806 744 860 d’iiorratsset
760 812 793 863 de
809 814 943 881 Dioxippe.

207 929 266 985 Vll.
278 930 311 1003 [1]
320 930 386 986 Haec
394 931 499 988 dumin
508 931 589 988 India
602 942 754 1009 geruntur,
767 940 856 997 Graeci
866 942 977 1002 milites
988 966 1090 1024 nuper

170 1016 200 1073 in
212 1018 339 1074 colonias
353 1035 451 1092 araga
466 1019 579 1077 deducti
592 1019 668 1079 circa
687 1024 819 1100 Bactra¹,
831 1033 896 1088 orta
907 1030 989 1092 inter
999 1037 1089 1111 ipsos

170 1106 320 1178 seditione,
338 1108 511 1178 defecerant,
527 1125 585 1165 non
602 1113 662 1166 tam
675 1113 835 1174 Alexandro
857 1118 964 1178 infensi
990 1144 1087 1198 quam

168 1201 247 1253 metu
261 1197 401 1272 supplicii.
414 1197 448 1272 [2]
458 1198 686 1272 Quippe,occisis
696 1203 866 1276 quibusdam
879 1213 1086 1289 popularium,

168 1283 217 1355 qui
231 1283 400 1341 validiores¹
418 1289 501 1343 erant
519 1303 600 1343 erma
619 1295 766 1360 spectare³
780 1303 926 1366 coeperunt
947 1304 987 1371 et,
1006 1303 1088 1362 Bac-

166 1369 261 1428 triana
279 1388 353 1440 arce,
371 1389 434 1445 quae
453 1388 521 1429 casu
535 1375 735 1449 neglegentius
746 1379 891 1442 asserrata
906 1393 979 1459 erat,
992 1409 1087 1452 occu-

166 1461 242 1530 pata,
262 1459 532 1534 barbarosquoque
553 1462 583 1518 in
603 1468 769 1527 societatem
788 1474 957 1534 deiectionis
978 1479 1085 1555 impu-

164 1545 268 1602 lerant.
292 1545 325 1619 [3]
344 1548 544 1606 Athenodorus
562 1555 625 1608 erat
644 1556 775 1631 princeps
794 1577 905 1634 eorum,
928 1567 980 1639 qui
994 1573 1085 1645 regis

164 1650 279 1707 quoque
299 1652 403 1693 nomen
421 1645 625 1712 assumpserat,
648 1661 705 1700 non
725 1650 784 1707 tarn
803 1649 917 1723 imperii
936 1658 1084 1728 cupidine

164 1743 250 1801 quam
280 1727 309 1783 in
332 1728 453 1801 patriam
479 1732 643 1789 revertendi
661 1752 726 1791 cum
746 1735 781 1793 iis
799 1740 848 1812 qui
867 1745 1082 1809 auctoritatem

163 1814 252 1887 ipsius
278 1817 480 1889 sequebantur.
504 1814 631 1892 [i].Huic
648 1821 755 1879 Biton⁴
773 1827 900 1898 quidam,
926 1834 1080 1896 nationis*⁵

162 1905 301 1979 ejusdem,
325 1907 375 1963 sed
390 1909 426 1964 ob
445 1907 657 1967 aemulationem
675 1911 807 1985 infestus,
828 1924 1007 1990 comparavit
1028 1928 1081 1986 in-

162 1994 259 2063 sidias,
289 1994 497 2067 invitatumque
530 1997 566 2052 ad
587 1998 685 2069 epulas
713 2018 764 2072 per
789 2004 900 2063 Bonum
922 2017 1077 2083 quendam

161 2077 340 2155 Margianur'n
361 2081 390 2138 in
403 2083 531 2156 convivio
544 2085 655 2140 occidit.
676 2087 710 2159 [5]
726 2089 845 2148 Postero
860 2094 916 2165 die,
932 2104 1077 2165 contione

159 2172 304 2241 advocata,
327 2169 391 2225 Bito
413 2170 489 2225 ultro
511 2171 677 2228 insidiatum
694 2174 748 2231 sibi
768 2179 986 2243 Athenodorum
1007 2196 1076 2264 ple-

158 2259 255 2332 risque
270 2264 466 2331 persuaserat:
481 2260 531 2316 sed
546 2260 609 2317 aliis
626 2269 757 2335 suspecta
771 2273 833 2323 erat
847 2271 926 2330 fraus
939 2276 1072 2356 Bitonis,

158 2356 186 2409 et
208 2354 345 2423 paulatim
369 2354 398 2409 in
415 2354 512 2425 plures
526 2355 610 2429 coepit
624 2373 740 2414 manare
755 2363 888 2435 suspicio.
912 2369 947 2443 [6]
964 2371 1071 2448 ltaque

158 2443 246 2498 Graeci
261 2442 368 2499 milites
381 2461 461 2500 arma
473 2446 599 2516 capiunt,
610 2446 730 2503 occisuri
746 2450 888 2526 Bitonem,
904 2458 928 2513 si
944 2461 1071 2527 daretur

156 2530 265 2603 occasio
287 2549 294 2585 ε
320 2536 446 2587 ceterum
468 2534 609 2609 principes
635 2552 735 2594 eorum
761 2540 834 2599 iram
864 2549 1069 2616 multitudinis

155 2620 369 2693 mitigaverunt.
389 2620 423 2695 [7]
439 2621 547 2678 Praeter
560 2639 640 2694 spem
661 2642 743 2683 suam
762 2630 847 2689 Biton
866 2644 1002 2706 praesenti
1015 2665 1069 2718 pe-

155 2710 245 2767 riculo
257 2713 382 2783 ereptus,
401 2712 487 2783 paulo
502 2716 567 2783 post
581 2719 623 2770 cst
637 2714 790 2777 insidiatus
805 2725 973 2786 auctoribus
984 2738 1067 2796 salu.

154 2852 187 2891 as.
196 2859 237 2891 ees
246 2851 280 2891 est
293 2859 321 2890 au
335 2846 415 2891 recedi
421 2861 426 2901 ;
438 2850 498 2903 apres
509 2860 577 2892 mcm-
632 2863 673 2894 uns
682 2852 962 2921 deleursconcitopsus).—
970 2875 1068 2927 aem.

153 2910 220 2952 dasse
229 2910 326 2965 suppitez
338 2911 410 2954 υοὺῑε.
631 2919 688 2967 toro,
699 2928 785 2973 sermea·
799 2921 815 2965 d
831 2926 922 2977 prendre
933 2930 967 2973 lus
980 2945 1064 2994 umes,

180 2970 229 3012 Vll.
243 2976 262 3014 ¹.
275 2972 341 3015 circe
349 2973 436 3016 Bactra
446 2977 479 3016 est
489 2984 530 3015 une
539 2985 574 3015 ex·
630 2985 684 3028 pour
692 2988 716 3019 se
729 2983 846 3027 soustrairs
863 2987 875 3027 a
887 2987 991 3036 incolere
1007 2998 1065 3043 ⁶³3.

153 3030 290 3083 plicationde
308 3034 422 3079 celonica.
439 3042 501 3079 -2.
517 3035 574 3077 voli·
630 3035 728 3082 ioxandrc
749 3047 773 3084 et
792 3057 820 3089 su
833 3048 1004 3109 aperiuntqui
1026 3061 1064 3105 les

152 3090 239 3147 diores,
250 3106 303 3137 ceux
313 3093 350 3149 qiii
361 3094 445 3139 avaient
455 3108 481 3138 eu
490 3094 511 3137 ic
527 3096 573 3137 des
629 3100 739 3143 attendsit.
750 3128 777 3135 -
789 3112 808 3149 4.
821 3109 900 3163 Biton,
923 3126 975 3168 vop.
993 3120 1061 3169 nm

151 3160 189 3193 sus
201 3152 230 3203 (ct
245 3154 282 3205 qui
301 3156 384 3199 avaient
405 3158 441 3199 tut
462 3156 573 3212 quelques-
630 3166 652 3202 ¹1
665 3174 720 3204 o.—
731 3172 750 3208 a.
761 3171 874 3224 meone,
883 3185 935 3225 roy.
945 3179 1013 3224 Rern,
1023 3192 1061 3231 pp,
