2317 3500
190 157 247 210 350
517 165 546 216 o.
570 163 664 209 cunm
687 164 761 210 nuri
835 143 916 228 [ew.
933 150 1089 240 326-325]

187 285 282 337 cetera
295 281 385 336 classa
399 278 564 351 praecipiens
574 284 596 348 ὅ,
615 278 756 351 nequies,
778 277 977 350 perinvalido⁴
994 281 1091 338 adhuc

187 367 356 432 necessaria,
371 368 454 439 pulsu
467 371 634 422 remorum⁸
648 366 845 440 impediretur.

224 457 257 529 [3]
273 455 390 523 Quarto,
407 459 557 527 postquam
577 453 712 527 navigare
724 459 857 527 cuperat,
879 454 935 525 die,
955 459 1093 527 pervenit

189 546 218 600 in
237 546 394 617 regionem,
416 547 557 600 desertam
572 544 686 616 quidem
700 545 735 600 ab
750 544 862 614 incoliS,
877 546 928 601 sed
942 546 1094 603 frumento

189 639 217 690 et
229 633 376 706 pecoribus
389 634 589 689 abundantem.
613 633 723 690 Placuit
735 633 760 689 is
780 635 860 690 locus
871 638 900 690 et
914 634 950 689 ad
964 641 1095 692 suamet

190 723 355 780 admilitum
364 723 499 793 requiem.
510 722 542 794 [t]
552 721 614 777 Mos
630 725 692 777 erat
704 723 879 795 principibus
889 723 1051 780 amicorum
1066 730 1097 783 et

192 812 355 869 custodibus
370 811 496 882 corporis
514 811 650 868 excubare
668 815 733 867 ante
748 812 943 884 praetorinm⁸‚
956 815 1096 885 quotiens

193 903 310 958 adversa
328 899 389 972 regi
407 900 538 954 valetudo
554 898 711 955 incidisset.
732 901 792 957 Hoc
804 903 866 956 tum
882 918 998 975 quoque
1013 921 1097 961 more

194 994 315 1056 servato,
330 987 455 1044 universi
468 988 629 1044 cubiculum
647 989 708 1061 ejus
723 989 841 1045 intrant.
854 989 889 1062 [5]
904 990 966 1056 illo,
988 993 1101 1050 sollici-

194 1084 241 1136 tus
256 1077 369 1150 nequid
380 1077 444 1133 novi
460 1078 613 1145 adferrent,
627 1077 694 1149 quia
711 1078 796 1134 simul
810 1083 958 1152 venerant,
975 1098 1112 1152 percon-¹

100 1195 104 1205 ·
196 1171 273 1225 tatur
290 1183 359 1222 num
378 1166 503 1222 hostium
522 1182 624 1236 repens
646 1167 825 1222 nuntiaretur
845 1169 996 1224 adventus.
1013 1170 1052 1242 [6]
1066 1173 1103 1227 At

197 1257 341 1324 Craterus,
361 1255 404 1310 cui
426 1255 593 1309 mandatum
607 1257 668 1310 erat
687 1258 720 1311 ut
735 1254 892 1312 amicorum
913 1273 1015 1328 preces
1036 1276 1104 1330 per-

197 1348 285 1402 ferret
300 1346 335 1400 ad
351 1360 416 1401 eum
433 1362 440 1397 ε

235 1453 248 1484 a
265 1432 399 1488 Credisne
415 1451 441 1498 o,
465 1430 568 1502 inquit,
595 1433 741 1489 «adventu
766 1432 860 1506 magis
874 1434 1005 1491 hostium
1018 1469 1057 1478 -
1074 1442 1105 1494 ut

198 1521 277 1592 jam⁷
298 1520 327 1574 in
343 1521 416 1574 vallo
438 1519 627 1576 consisterent
642 1523 828 1579 -sollicitos
848 1540 902 1579 nos
915 1540 990 1594 esse,
1015 1543 1106 1598 quam

201 1624 268 1663 cura
289 1608 389 1663 salutis
411 1611 477 1678 tue,
501 1613 534 1666 ut
559 1615 656 1665 nunc⁸
678 1613 731 1678 est,
760 1609 812 1665 tibi
836 1610 919 1666 vilis?
943 1611 979 1684 [7]
1004 1613 1107 1678 Quan-

201 1697 318 1755 talibet⁹
337 1698 379 1755 vis
400 1698 526 1756 omnium
547 1699 676 1773 gentium
689 1700 832 1770 conspiret
854 1699 964 1770 inune,
984 1701 1108 1777 impleat

203 1787 289 1843 armis
313 1788 467 1859 virisque¹⁰
491 1791 584 1844 totum
611 1789 719 1856 orbem,
746 1788 885 1845 classibus
909 1791 1003 1847 maria
1040 1812 1110 1851 con-

204 1880 321 1945 sternat,
346 1876 504 1933 invisitatas
527 1878 625 1933 beluas
653 1876 780 1947 inducat,
808 1881 840 1934 tu
874 1895 927 1934 nos
951 1885 1111 1951 praestabis

203 1966 332 2023 invictos.
349 1965 382 2037 [8]
394 1965 450 2021 Sed
463 1965 526 2037 quis
544 1966 663 2021 deorum
675 1966 728 2021 hoc
742 1966 914 2023 Macedoniae
927 1970 1070 2028 columen
1081 1990 1112 2028 ac

205 2055 284 2111 sidus
296 2060 317 2090 ¹1
339 2054 504 2109 diuturnum
517 2056 577 2111 fore
598 2055 724 2128 polliceri
745 2060 848 2127 potest,
864 2074 930 2112 cum
944 2062 1007 2115 tam
1027 2064 1114 2120 avide

206 2142 364 2199 manifestis
384 2142 516 2214 periculis
539 2145 640 2201 offeras
662 2160 774 2216 corpus,
799 2146 904 2202 oblitus
927 2150 972 2203 tot
1000 2150 1116 2208 civium

207 2232 314 2287 animas
326 2232 439 2287 trahere
450 2235 478 2287 te
493 2233 522 2289 in
537 2232 655 2290 casum?
667 2232 702 2305 [9]
715 2232 785 2297 Quis
800 2234 876 2290 enim
891 2234 943 2291 tibi
958 2245 1117 2309 superstes

208 2323 257 2375 aut
276 2324 353 2392 optat
375 2336 437 2375 osse
459 2324 509 2377 aut
531 2320 646 2392 potest?
670 2321 710 2376 Eo
736 2321 929 2393 pervenimus,
944 2327 1118 2398 auspicium

209 2411 292 2478 atque
306 2407 457 2478 imperium
469 2406 557 2465 secuti
570 2413 662 2478 tuum,
671 2410 756 2476 unde,
769 2410 862 2466 uisite
876 2412 981 2468 reduce
991 2419 1028 2483 ¹²,
1039 2418 1119 2472 nulli

176 2546 177 2551 ,
210 2498 245 2553 ad
262 2499 378 2569 penates
396 2513 464 2554 suos
482 2498 536 2555 iter
552 2503 605 2555 est.
626 2499 677 2573 [10]
694 2499 802 2566 Quodsi
821 2501 913 2557 adhuc
931 2504 967 2559 de
981 2504 1119 2563 Persidis

210 2709 295 2761 Arrisit,
312 2709 362 2751 c’est
377 2706 509 2764 l’Hydraotts
521 2711 632 2765 (Hyarotis
683 2725 709 2755 on
722 2713 841 2757 admettaut
858 2726 900 2768 que
919 2715 975 2770 deja.
998 2741 1029 2750 —
1051 2726 1076 2763 a.
1095 2726 1124 2763 nt

211 2772 264 2813 dans
275 2771 300 2821 Q.
311 2769 395 2824 curce).
410 2789 438 2801 -
449 2774 469 2812 t.
481 2772 629 2824 precipiens,
683 2786 755 2827 nunc,
765 2777 863 2831 suppleat
875 2788 926 2829 quae
933 2777 971 2830 qni
979 2790 1003 2820 se
1013 2787 1124 2836 rapporte

211 2832 406 2888 proudrol'avauce.
415 2832 630 2885 -uperoocatiuo,
685 2836 788 2879 disolutis
803 2850 811 2879 .·
824 2842 851 2878 ut
861 2849 927 2880 nunc
943 2844 975 2882 at
990 2844 1123 2886 entemiez:

212 2905 258 2947 voy.
274 2894 335 2935 Rern.
354 2898 378 2935 25
393 2892 417 2931 b.
431 2914 457 2922 -
471 2898 490 2935 t.
511 2893 583 2945 poteo
596 2906 632 2936 re
684 2909 764 2940 commo
776 2910 831 2940 nous
842 2899 958 2954 levoyons.
967 2925 993 2934 —
1004 2911 1026 2947 9.
1040 2918 1126 2958 φωτι-

211 2964 314 3005 morum,
334 2952 353 2993 le
374 2952 490 2995 battement
506 2958 527 2996 et
543 2953 562 2995 le
574 2953 632 2996 bruit
683 2960 769 3011 mittet,
781 2972 828 3015 vop.
840 2962 904 3003 nan.
924 2968 968 3006 142.
979 2986 1007 2997 -
1030 2974 1066 3011 tc.
1082 2980 1127 3011 ar-

214 3016 251 3057 des
267 3025 335 3057 ramos
354 3012 379 3054 de
401 3016 458 3055 toute
478 3013 498 3055 la
518 3014 583 3057 ilotte.
606 3036 631 3045 -
684 3021 731 3063 mie
748 3022 861 3074 masque,
875 3035 924 3078 roy.
937 3026 1002 3069 nan.
1022 3036 1078 3071 2¹0.
1096 3053 1126 3061 -

214 3082 234 3119 t.
245 3076 325 3127 amici,
342 3074 487 3128 praeatum,
506 3087 553 3129 roy.
572 3078 632 3120 Dici.
687 3089 718 3124 rr.
730 3083 805 3134 sidus,
820 3095 868 3136 roy.
881 3085 945 3127 nem.
964 3094 991 3131 28
1003 3100 1030 3131 a.
1042 3113 1075 3122 -
1089 3098 1125 3134 12.

214 3137 310 3189 Htet.‚et
317 3136 373 3189 vul,
383 3146 415 3189 vr,
427 3145 461 3181 22.
471 3160 497 3169 -
507 3144 526 3182 t.
536 3143 563 3181 ut
569 3140 631 3195 scm,
685 3144 774 3196 reduco,
784 3155 837 3198 pour
843 3146 967 3189 reducmte
974 3160 980 3201 ;
988 3160 1040 3205 vop.
1049 3152 1124 3195 Rmn.
