2317 3500
161 200 196 252 32
483 209 513 259 3.
536 208 628 253 cunrr
649 209 725 253 3331

880 188 964 272 [nur.
982 188 1054 271 333]

160 337 211 376 333
229 321 324 393 jussit.
350 321 408 394 [161
430 322 514 378 Motis
534 338 603 394 ergo
625 321 726 378 castris
744 325 861 392 superat
870 326 893 359 ²⁷
917 321 1055 378 Pinarum

159 425 281 478 amnem,
302 409 331 464 in
347 410 445 482 tergis,
462 415 494 466 ut
510 411 651 479 credebat,
670 409 840 480 fugientium
858 412 998 465 haesurus.
1018 412 1057 468 At

159 499 198 553 1111
216 515 338 570 quorum
363 504 557 570 amputaverat
576 516 687 566 manus,
707 499 742 553 ad
759 502 852 554 castra
868 498 1056 556 Macedonum

160 591 317 658 penetrant,
332 589 459 658 Darium,
473 592 611 661 quantoss
621 575 745 643 maximo
756 603 842 643 cursu
854 592 960 657 posset,
973 589 1056 660 sequi

108 735 111 740 ,
158 677 330 732 nuntiantes.
340 677 390 750 [17]
398 678 448 732 Vix
462 678 532 733 fides
546 676 711 732 habebatur.
721 675 818 747 ltaque
831 678 1022 746 speculatores
1030 681 1057 715 ¹⁹

158 764 190 820 in
207 765 364 821 maritimas
388 765 519 836 regiones
535 765 697 836 praemissos
712 765 857 834 explorare
874 769 960 819 roc³⁰
974 765 1058 836 jubet

160 853 218 925 ipse
231 854 351 924 adesset,
367 872 403 910 33
421 855 619 925 praefectorum
635 852 736 925 aliquis
751 851 873 924 speciem
888 853 1059 923 praebuisset

160 942 284 998 universi
298 943 436 998 venientis
451 943 628 998 exercitusu.
645 939 696 1014 [18]
712 940 766 995 Sed
784 934 1063 1010 cumspecuiatores.
1146 924 1147 937 ¹

160 1033 377 1096 reverterentur,
402 1031 499 1102 procul
522 1030 624 1103 ingens
650 1027 801 1084 multitudo
827 1032 977 1098 conspecta
1001 1033 1057 1086 est.

161 1116 244 1190 ignes
259 1118 358 1174 deinde
377 1121 445 1176 totis
464 1119 570 1190 campis
587 1118 726 1174 collucere
739 1119 884 1188 coeperunt
902 1117 1059 1189 omniaque

161 1206 237 1260 velut
248 1207 402 1264 continenti
415 1206 542 1263 incendio
552 1206 651 1262 ardere
665 1204 732 1273 visa,
746 1221 811 1259 cum
825 1204 972 1258 incondita
983 1207 1060 1259 mul·

161 1293 251 1349 titudo
272 1294 392 1349 maxime
414 1296 528 1366 propter
546 1293 676 1364 jumenta
697 1291 788 1347 laxius
804 1290 978 1346 3333333111.
1002 1291 1060 1364 [19]

163 1381 261 1453 Itaque
278 1399 310 1438 eo
325 1383 386 1454 ipso
401 1384 461 1438 loco
476 1382 575 1440 metari
593 1398 661 1437 3333
675 1385 798 1437 33333315
809 1381 945 1451 jusserat,
961 1380 1061 1452 laetus‚

161 1472 236 1543 quod
253 1472 328 1526 omni
341 1473 494 1544 expetierat
509 1476 585 1541 vote,
600 1472 629 1528 in
647 1471 703 1527 illis
717 1471 897 1543 potissimum
916 1474 1064 1542 angustiis

162 1560 370 1615 decernendum
385 1562 482 1618 133351.

198 1648 249 1720 [10]
260 1647 403 1716 Ceterum,
414 1652 446 1704 ut
459 1651 531 1706 solet
542 1650 603 1706 fieri
614 1666 678 1704 cum
691 1647 785 1704 ultimi
799 1649 975 1708 discriminis
987 1656 1063 1709 tem·

163 1753 215 1808 pus
234 1738 374 1806 adventat,
392 1737 421 1792 in
444 1737 664 1794 sollicitudinem
681 1754 764 1794 versa
783 1736 886 1793 fiducia
905 1743 959 1796 est.
977 1739 1065 1799 Illam

163 1826 253 1897 ipsam
265 1827 419 1894 fortunam,
435 1844 490 1898 qua
502 1825 695 1899 adspirante⁸⁵
710 1842 755 1882 res
770 1829 828 1881 tam
842 1843 979 1899 prospere
993 1848 1066 1903 ges-

162 1920 247 1985 serat,
273 1917 440 1984 vcrebatur3
455 1932 505 1971 nec
520 1914 633 1987 injuria,
648 1932 681 1971 ex
693 1914 738 1970 his
752 1930 814 1986 (333
828 1916 978 1973 tribuisset
993 1920 1063 1992 sibi,

162 2021 248 2076 quam
266 2004 410 2059 mutabilis
432 2007 507 2061 33333
530 2003 702 2072 reputabat:
723 2019 809 2058 unam
829 2018 983 2074 superesse
995 2024 1065 2064 noc·

161 2097 228 2159 tem,
245 2108 307 2164 quae
318 2090 386 2146 tanti
400 2089 571 2149 discriminis
584 2094 744 2146 moraretur
757 2095 901 2148 eventum.
919 2094 971 2167 [21]
989 2096 1064 2154 Rur-

162 2317 269 2369 erposdsa
281 2327 315 2357 333
335 2314 466 2358 traitements
475 2312 580 2359 barbares.

161 2400 188 2408 -
200 2384 232 2419 27.
248 2380 350 2429 superat,
363 2388 412 2429 roy.
421 2376 483 2417 Rem.
500 2380 544 2418 133.
556 2397 582 2407 -

162 2442 288 2488 coenante
297 2449 324 2478 ou
336 2448 414 2489 quam,
424 2436 501 2477 devant
513 2434 532 2475 13
546 2447 583 2476 33-

161 2497 247 2551 33313311
252 2498 411 2549 maurimonte
421 2497 493 2538 331333
499 2497 526 2539 (13
532 2508 582 2549 grec

162 2562 190 2601 ὅτι
202 2558 278 2600 (133333
285 2570 314 2600 un
323 2558 434 2613 3333313111
438 2596 440 2601 ,
448 2581 475 2589 -
485 2565 518 2602 29.
528 2568 579 2611 epe-

162 2619 579 2673 33131333333311333.11133.-3ο.333·,

161 2683 235 2726 3.-3-(1.
244 2682 418 2725 1113333333-
429 2680 580 2724 obvenientis

162 2746 284 2789 ecrercttua.
310 2744 340 2785 La
362 2741 480 2785 3333333133
502 2741 527 2782 (13
545 2752 580 2783 ces

163 2808 284 2852 differentes
291 2805 385 2850 marchas
392 2808 425 2847 est
434 2804 522 2846 obscure
529 2803 580 2845 (1333

163 2872 182 2913 13
194 2871 245 2915 33313
257 2871 282 2914 (13
299 2870 325 2921 Q.
338 2868 404 2911 Curce
416 2880 422 2910 ε
435 2877 489 2920 pour
498 2864 519 2907 13
530 2864 579 2907 bien

163 2934 307 2987 comprendre,
318 2930 334 2973 il
347 2930 391 2971 1333
406 2939 429 2970 se
443 2926 537 2981 rappeler
549 2928 579 2976 (33

164 3005 204 3045 333
223 3000 282 3037 notre
305 2991 407 3035 historien
431 3000 456 3029 ne
480 2987 512 3028 dit
533 2986 578 3040 pas)

164 3050 509 3106 (3331313333(13333331333333
521 3048 580 3090 avoir

164 3115 223 3165 passe
235 3116 246 3155 3
264 3118 328 3165 13333,
342 3112 427 3167 jusqu'i
438 3110 560 3165 Myriandos
572 3122 577 3151 :

164 3173 179 3214 11
192 3173 249 3216 avait
261 3174 381 3217 l'intention
399 3172 490 3215 d'entrer
504 3184 529 3214 33
542 3171 580 3226 83-

635 2312 666 2355 rie
681 2312 750 2367 33313
767 2311 827 2354 deute
839 2311 877 2355 des
894 2316 960 2369 Pylae
974 2319 1064 2371 syrte,-

635 2379 698 2429 33333
720 2373 792 2429 333313
811 2386 849 2428 par
870 2375 903 2418 133
921 2378 1023 2424 31331333
1035 2384 1064 2425 (13

634 2435 712 2478 Darius
721 2448 763 2490 que
774 2436 805 2479 133
817 2437 895 2480 Perses
906 2439 927 2481 le
941 2441 1063 2496 euiraient,

635 2498 650 2539 il
663 2497 744 2539 rerient
753 2510 789 2540 sur
800 2510 834 2540 ses
846 2512 884 2553 333
894 2505 916 2542 33
929 2513 1017 2556 3333333
1025 2520 1065 2560 333
1146 2503 1147 2508 ’

634 2559 654 2600 13
669 2558 782 2601 (1311116333
791 2561 854 2613 Puta
868 2563 947 2615 Syrie
961 2564 1062 2612 01113133.

634 2619 694 2662 (lette
713 2619 788 2662 double
806 2623 890 2665 marche
911 2630 946 2667 est
959 2625 1064 2683 13313333

634 2691 671 2722 sur
685 2679 706 2721 ta
716 2684 773 2723 certe
785 2681 872 2734 dissue,
889 2697 911 2739 p.
932 2695 968 2731 27.
986 2712 1016 2722 -
1029 2699 1063 2736 32.

633 2741 739 2791 tenderet,
758 2753 806 2794 333.
822 2745 970 2793 113331333.
984 2774 1014 2785 —
1028 2759 1063 2797 33.

633 2804 718 2845 (333331
727 2808 812 2857 caetra,
822 2816 870 2860 333,
879 2808 1025 2865 1113311333,
1036 2827 1063 2857 au

634 2868 785 2910 3133333333.
794 2889 822 2897 -
828 2873 861 2912 et.
870 2869 930 2922 sore,
937 2883 988 2927 333.
997 2876 1063 2919 Rem.

635 2931 679 2968 112.
703 2948 728 2957 —
746 2934 779 2972 35.
801 2929 942 2983 adspirare,
961 2936 1020 2979 dans
1040 2937 1062 2980 le

633 2998 683 3029 sens
696 2988 722 3030 de
737 2989 858 3040 3313331331,
877 2996 910 3033 333
929 3005 973 3037 333
995 3000 1064 3041 meta·

633 3050 698 3101 phere
708 3051 830 3103 3333333333
842 3063 869 3092 33
885 3052 980 3108 langage
1000 3060 1027 3101 de
1043 3061 1063 3101 13

634 3110 768 3163 navigabam
789 3112 817 3154 ct.
841 3112 983 3167 l'expression
1003 3121 1066 3164 1333

633 3171 689 3225 33133
699 3184 704 3214 ι
724 3186 751 3215 au
762 3173 846 3225 souma
858 3172 885 3216 de
895 3176 916 3218 13
926 3178 1025 3225 fortune.
1037 3206 1065 3217 -·
