2317 3500
153 159 190 216 56
483 175 512 226 0·
536 173 628 217 cunm
650 171 724 216 nori
803 157 883 237 [mv.
900 154 1049 238 aas-332]

137 334 139 340 ,
152 289 196 343 ret
209 303 265 360 quo
279 285 560 359 videretur⁴⁷.Atque
570 285 619 342 illo
632 286 769 341 utendum
782 285 894 353 animis,
913 286 981 341 dum
997 303 1051 357 spe

152 376 285 444 calerent,
307 378 397 443 ratus,
413 376 448 431 ad
466 375 568 430 Pelusii
588 375 692 431 ostium
714 378 852 445 penetrat,
874 375 1015 432 simulans
1035 396 1054 433 a

153 463 237 519 Dario
259 479 289 519 se
308 479 370 520 esse
390 463 579 535 premissum.
602 463 653 535 [30]
674 462 786 518 Potitus
804 479 873 536 ergo
895 463 1052 533 Ferasiis,

153 551 306 623 Memphim
324 552 418 622 copias
431 551 571 623 promovit
586 570 592 603 :
613 551 649 605 ad
662 549 771 621 cujus⁴⁰
785 551 888 612 laruam
907 552 1053 623 AEgyptii,

152 656 225 696 vana
243 656 314 712 gens
333 644 362 697 et
381 640 519 696 novandis
539 656 625 711 quam
640 639 772 711 gerendis
789 640 881 711 aptior
893 641 990 708 rebus,
1016 658 1055 697 ex

152 729 212 785 suis
226 730 359 802 quique⁵⁰
371 729 438 786 vicis
450 729 623 801 urbibusque
637 731 691 785 buo
705 729 815 801 [ipsum]
828 734 1002 786 concurrunt
1013 733 1055 786 ad

153 817 270 873 delenda
282 815 413 887 praesidia
423 817 584 872 Persarum.
601 815 652 888 [31]
665 816 730 885 Qui,
742 817 845 886 territi,
858 821 954 873 tamen
968 833 1055 889 spem

152 903 294 961 retinendi
308 904 465 976 AEgyptum
480 919 537 959 non
561 905 721 960 omiserunt
744 923 750 958 :
770 905 821 960 sed
840 921 889 961 eos
911 907 1056 976 Amyntas

151 993 249 1064 proelio
271 996 420 1062 superatos
436 993 466 1047 in
488 993 587 1048 urbem
602 991 753 1064 compellit,
765 993 922 1064 castrisque
936 994 1055 1066 pusilis,

153 1080 272 1136 victores
287 1081 321 1135 ad
341 1082 516 1153 populandos
530 1097 616 1152 agros
627 1081 787 1136 discurrant
801 1097 807 1131 :
820 1081 897 1136 velut
911 1080 940 1136 in
955 1083 1056 1139 medio

153 1169 250 1241 positis
258 1175 279 1208 55
293 1170 396 1240 praedis
405 1175 427 1207 55
445 1167 570 1224 hostium
582 1173 684 1224 cuncta
697 1169 864 1241 agebantur.

188 1257 238 1329 [32]
254 1257 352 1328 ltaque
362 1256 487 1312 Mazaces
494 1261 526 1326 55,
534 1263 706 1328 quamquam
714 1256 816 1312 infelici
823 1256 922 1328 proelio
930 1272 1057 1314 suorum

154 1345 262 1400 animos
277 1343 392 1398 territos
407 1358 469 1398 esse
483 1347 664 1416 cognoverat,
679 1348 785 1413 tamen,
803 1345 931 1416 palantes
946 1347 974 1399 et
991 1346 1059 1402 vic-

154 1429 231 1485 toriae
245 1429 345 1484 fiducia
358 1430 488 1486 incautos
507 1433 664 1496 ostentans,
683 1431 806 1504 perpulit
830 1448 866 1488 ne
887 1432 1059 1492 dubitarent

153 1533 186 1572 ex
200 1517 270 1572 urbe
284 1534 444 1590 erumpere,
455 1521 484 1573 et
494 1532 539 1574 res
552 1519 671 1575 amissas
683 1536 860 1591 recuperare.
876 1520 927 1592 [33]
941 1519 972 1574 ld
986 1537 1059 1577 con-

152 1605 247 1660 silium
269 1622 325 1662 non
352 1607 460 1662 ratione
481 1605 650 1677 prudentius
674 1624 760 1678 quam
783 1610 886 1662 eventu
910 1606 1060 1663 felicius⁸⁴

154 1693 208 1750 luit
224 1714 229 1749 :
247 1695 386 1751 adunam
410 1711 509 1752 omnes
529 1711 594 1751 cum
617 1695 678 1767 ipso
705 1697 775 1753 duce
797 1694 881 1753 occisi
896 1699 974 1752 sunt.
993 1697 1060 1756 Has

153 1800 249 1855 peenas
270 1787 406 1855 Amyntas
428 1784 541 1855 utrique
562 1784 623 1856 regi
645 1785 731 1853 dedit,
751 1784 949 1857 nihilomagis
968 1785 995 1841 ei
1018 1790 1059 1844 ad

153 1889 236 1944 quem
247 1874 451 1945 transfugerat,
466 1872 540 1928 fidus
556 1888 641 1943 quam
655 1872 697 1927 illi
707 1877 730 1910 55
744 1889 831 1945 quem
846 1874 1026 1930 deseruerat.

188 1961 331 2032 [stibarii
346 1964 491 2031 pretores,
513 1961 562 2032 qui
582 1960 680 2030 proelio
700 1962 776 2031 apud
802 1959 883 2016 lsson
905 1962 1059 2033 superfue-

151 2052 227 2116 rant,
248 2065 313 2104 cum
334 2048 411 2104 omni
432 2064 520 2103 manu
536 2064 599 2119 quae
619 2046 760 2120 fugientes
784 2052 883 2104 secuta
906 2052 980 2121 erat,
1004 2068 1058 2107 as-

152 2142 265 2209 sumpta
280 2136 366 2193 etiam
381 2135 578 2207 Cappadocum
600 2137 629 2190 et
651 2134 866 2207 Paphlagonum
888 2135 1056 2209 juventute,

153 2225 268 2297 Lydiam
288 2239 454 2295 recuperare
474 2224 660 2279 mutabantur.
677 2222 728 2294 [35]
752 2223 923 2295 Antigonus,
947 2229 1058 2295 praetor

152 2314 310 2381 Alexandri,
326 2312 419 2384 Lydiae
430 2314 566 2383 praerat:
581 2310 640 2383 qui,
654 2326 828 2383 quamquam
837 2313 991 2384 plerosque
1000 2315 1059 2370 mi-

154 2400 237 2455 litum
250 2418 282 2456 eu
294 2400 433 2471 praesidiis
447 2401 483 2456 ad
501 2415 599 2471 regem
613 2399 769 2469 dimiserat,
792 2402 898 2468 tamen,
923 2401 1059 2460 barbaris

153 2488 305 2561 spretis,in
321 2488 410 2544 aciem
424 2504 491 2544 suos
503 2488 607 2543 eduxit.
622 2487 726 2543 Eadem
736 2486 793 2542 illic
808 2503 922 2559 quoque
937 2490 1058 2548 fortuna

153 2578 307 2651 partium⁶⁷
325 2577 378 2633 luit
398 2596 404 2629 :
422 2576 514 2632 tribus
533 2576 639 2647 proeliis
653 2574 709 2631 alia
731 2580 816 2648 atque
834 2575 923 2633 alia⁸⁸
935 2578 1058 2651 regione

154 2712 216 2753 non,
238 2700 274 2743 des
288 2698 369 2742 Perses.
384 2720 408 2731 -
423 2703 456 2742 47.
483 2709 527 2750 quo
543 2698 576 2739 ct-
628 2696 736 2747 cauea.
751 2696 763 2750 fl
777 2701 1058 2745 at-stmonrotione

154 2764 253 2815 deretur,
267 2764 293 2805 ou
313 2761 328 2803 il
347 2760 377 2803 lui
390 2758 511 2801 semblerait
526 2759 574 2800 bon.
625 2759 767 2812 prudentius
792 2772 864 2813 quam
888 2767 971 2805 evento
999 2762 1059 2813 solt-

155 2831 222 2870 ——lo
234 2826 322 2879 politae
334 2820 432 2873 Pelusii,
447 2830 495 2873 roy.
510 2819 573 2861 Rem.
627 2822 678 2863 ciue
697 2822 797 2876 equivaut
815 2824 826 2865 a
841 2830 924 2867 euentu
942 2836 1004 2878 aequo
1020 2827 1077 2877 so·-

154 2892 187 2930 99.
201 2910 227 2918 -
241 2893 274 2931 lo.
289 2885 366 2942 cujus,
385 2882 483 2937 supplica
496 2880 575 2921 ret-
627 2882 664 2925 lias
694 2896 722 2926 oc
745 2886 838 2926 ratione
871 2888 988 2937 prudens.
1027 2910 1084 2947 —·

154 2952 187 2989 5ο.
204 2949 296 3001 quique,
310 2958 358 3001 roy.
375 2946 438 2988 Rern.
455 2947 488 2985 75.
501 2963 527 2970 -
541 2947 573 2983 51.
627 2947 660 2986 55.
670 2943 715 2995 itti,
728 2956 775 2998 roy.
786 2945 848 2986 aaa.
857 2952 891 2989 65.
901 2954 969 2991 -so
980 2951 1059 2991 unta-

153 3008 213 3049 oetul
232 3010 327 3061 positis,
347 3019 394 3062 roy.
410 3006 474 3057 Rem,
488 3008 532 3047 ¹21.
548 3026 575 3033 —
598 3036 601 3087 ,
627 3005 688 3059 bant,
705 3018 753 3060 roy.
766 3006 830 3048 Rem.
849 3014 894 3051 ¹13.
911 3016 982 3053 -57,
993 3020 1058 3061 par-

154 3073 187 3110 ta.
214 3071 310 3121 pradia,
336 3081 383 3124 roy.
406 3068 467 3110 lton.
493 3070 527 3108 la.
548 3087 575 3094 -
626 3067 693 3120 tium,
707 3067 743 3109 dee
759 3067 812 3109 deux
826 3068 901 3122 partis
955 3077 988 3114 58.
1001 3072 1059 3116 alia

155 3132 187 3172 55.
211 3129 322 3183 Mazaces,
343 3139 465 3175 successeur
491 3126 515 3169 dc
537 3126 574 3169 Sa·
597 3094 601 3165 i
625 3129 756 3182 alpecella,
765 3127 870 3171 latinisme
878 3130 916 3186 qui
924 3135 1057 3187 correspoud
