2317 3500
163 53 219 108 250
486 63 516 114 Q·
540 60 635 106 cunm
657 60 733 104 sum
894 40 969 124 [rimi
986 44 1061 128 329]

162 195 259 248 rerum
271 179 355 251 longe
369 174 548 233 emicuisse¹⁰
568 175 710 232 credebat.
724 174 777 249 [21]
794 175 927 232 Ceterum
936 180 959 215 ¹¹
972 178 1063 248 perti-

164 267 244 325 nscia
261 267 466 340 oppidanorum
486 265 557 320 iram
577 263 641 338 ejus
664 263 799 320 accendit.
825 262 924 337 ltaque
949 268 1064 338 captam

163 358 263 414 urbem
281 355 364 426 diripi
379 353 474 428 iussit.
495 353 595 410 Deleta
615 369 659 423 ea,
681 351 853 410 Memacenis
864 353 940 410 haud
956 353 1066 428 injuria

163 447 293 515 infestus,
306 445 343 501 ad
355 443 532 516 Meleagrum
546 444 575 498 et
590 441 753 498 Perdiccam
767 441 851 498 redit.

127 569 130 575 ·
200 533 252 608 [22]
266 534 323 590 Sed
335 549 392 604 non
405 531 461 589 alia
473 533 543 588 urbs
556 530 660 588 lortius
673 531 851 588 obsidionem
861 531 945 588 tulit:
957 532 1066 605 quippe

162 628 192 682 et
203 622 327 680 militum
336 619 542 693 promptissimi
553 619 726 692 cecidere,et
739 621 800 693 ipse
813 637 863 677 rex
876 622 912 678 ad
927 620 1068 678 ultimum

162 711 319 785 periculum
341 710 429 768 venit.
454 711 584 782 Namque
604 708 698 766 cervix
721 709 782 782 ejus
796 726 863 767 saxo
878 709 919 766 ita
934 709 993 767 iota
1006 715 1066 782 est,

164 805 205 870 ut,
222 800 310 858 oeulis
323 800 443 873 caligine
458 799 561 870 offusa,
571 799 770 868 collaberetur,
780 815 817 855 ne
828 799 934 856 mentis
947 800 1070 873 quidem

164 907 302 964 compos:
324 888 465 946 exercitus
483 890 559 944 certe
579 888 659 944 velut
681 890 778 959 erepto
794 885 843 960 [in]
861 903 894 944 eo
909 887 1068 961 ingemuit.

165 979 216 1053 [23]
240 979 306 1045 Sed,
328 977 452 1036 invictus
480 977 644 1033 adversus¹¹
680 992 714 1031 ea
731 991 795 1046 qua
813 978 924 1032 ceteros
944 979 1071 1048 terrent,

164 1068 291 1124 nondum
307 1070 457 1140 percurato
469 1065 597 1135 vulnere,
613 1061 707 1119 acrius
727 1061 866 1120 obsidioni
878 1063 993 1136 institit,
1009 1083 1073 1123 na-

164 1156 286 1213 turalem
305 1155 479 1212 celeritatem
490 1151 724 1216 iraconcitante.
741 1149 912 1209 Cuniculo²³
923 1169 993 1227 ergo
1008 1157 1075 1212 suf-

166 1245 271 1300 iossa¹⁴
280 1243 382 1299 moenia
392 1243 494 1316 ingens
507 1240 650 1297 nudavere
663 1239 797 1312 spatium,
805 1258 856 1313 per
863 1243 940 1315 quod
947 1242 1075 1317 irrupit,

164 1333 310 1404 victorque
325 1332 424 1387 urbem
440 1330 514 1386 dirui
525 1329 622 1403 jussit.

201 1419 253 1494 [tt]
267 1420 338 1476 Hinc
353 1419 551 1476 Menedemum
564 1435 629 1474 cum
643 1417 736 1476 tribus
748 1420 875 1479 millibus
888 1423 1022 1494 peditum
1042 1431 1079 1484 et

167 1529 234 1570 occo
245 1511 389 1585 equitibus
408 1511 443 1568 ad
467 1512 567 1567 urbem
589 1509 758 1568 Maracanda
782 1511 870 1568 misit.
885 1513 1080 1586 Spitamenes

167 1602 326 1673 transfuga,
362 1598 494 1670 praesidio
521 1599 706 1656 Macedonum
732 1599 798 1657 inde
826 1601 945 1676 dejecto,
973 1607 1082 1664 muris

166 1691 245 1747 urbis
257 1689 318 1765 ejus
328 1689 483 1746 incluserat
497 1687 622 1759 se‚haud
641 1687 788 1768 oppidanis
804 1691 955 1749 consilium
974 1693 1082 1753 deiec-

166 1781 254 1837 tionis
268 1778 501 1853 approbantibus.
517 1778 605 1851 Sequi
618 1782 716 1837 tamen
730 1780 909 1854 videbantur,
921 1783 992 1856 quia
1008 1803 1082 1858 pro-

165 1866 262 1921 hibere
275 1881 332 1920 non
344 1865 485 1936 poterant.

201 1954 251 2027 [25]
273 1952 391 2009 Interim
412 1952 569 2009 Alexander
591 1953 626 2009 ad
645 1952 762 2010 Tanaim
780 1970 894 2011 amnem
912 1957 1001 2029 redit,
1031 1967 1080 2037 et,

166 2045 303 2115 quantum
327 2041 380 2097 soli
401 2044 589 2113 occupaverat
617 2041 734 2113 castris,
761 2059 845 2100 muro
867 2044 1079 2110 circumdedit.

166 2147 201 2187 ux
221 2129 378 2187 stadiorum
400 2129 599 2185 urbismuros
625 2130 707 2185 luit:
732 2131 804 2188 hano
826 2149 940 2205 quoque
964 2138 1082 2199 urbem

165 2206 362 2274 Alexandriam
384 2218 519 2292 appellari
534 2218 631 2291 jussit.
653 2218 704 2291 [26]
728 2218 807 2291 Opus
825 2225 907 2279 tanta
921 2225 1083 2289 celeritate

166 2306 322 2377 perlectum
336 2310 389 2376 est,
402 2311 444 2376 ut,
460 2324 518 2365 xvrr
528 2307 574 2364 die
585 2312 699 2379 quam²⁵
709 2310 887 2368 munimenta
906 2313 1036 2374 excitata
1054 2324 1083 2360 ¹⁶

167 2397 258 2464 erant,
275 2398 348 2452 tecta
359 2414 472 2470 quoque
487 2396 567 2454 urbis
581 2396 803 2457 absolverentur.
820 2399 926 2474 Ingens
940 2403 1082 2465 militum

167 2485 309 2540 certamen
334 2484 408 2542 inter
428 2486 505 2560 ipsos
528 2486 631 2554 tuerat,
653 2491 686 2543 ut
710 2502 795 2544 suum
816 2490 938 2563 quisque
960 2508 1082 2555 munus

220 2588 286 2628 nam
310 2574 433 2631 divisum
451 2577 558 2631 erat-
578 2574 688 2647 primus
706 2579 878 2636 ostenderet.
898 2580 953 2655 [27]
966 2581 1082 2643 Incolae

166 2679 246 2720 novae
268 2664 333 2720 urbi
356 2665 414 2722 dati
442 2664 554 2737 captivi,
580 2682 662 2738 quos,
684 2668 795 2726 reddito
817 2670 909 2741 pretio
929 2673 1080 2736 dominis.

168 2891 195 2901 -
206 2879 240 2917 20.
253 2873 383 2928 emicuisse,
395 2876 449 2919 dnus
466 2875 486 2918 le
502 2888 552 2919 sens
562 2877 588 2921 de
642 2883 676 2922 23.
696 2880 813 2933 wntculo,
830 2894 876 2937 roy.
890 2884 951 2929 Dict.
963 2886 1031 2931 Hist.
1052 2913 1081 2921 —

167 2936 302 2984 praestitisse
310 2940 436 2993 octennem
447 2939 589 2994 potuque·
641 2947 676 2986 21.
696 2941 809 2995 suffossa,
827 2955 874 2999 roy.
895 2947 960 2992 Rem.
984 2956 1037 2996 118.
1051 2976 1084 2983 -—

167 3000 201 3037 2¹.
220 3001 328 3051 ceterum,
345 3010 394 3055 roy.
413 3001 477 3043 Rem.
500 3007 544 3047 117.
561 3026 589 3035 -
642 3013 765 3061 aequom,
776 3010 887 3053 deventce
901 3016 955 3065 mot,
968 3015 1085 3069 suppleer

168 3062 200 3100 22.
213 3061 332 3113 adversus,
352 3074 399 3118 roy.
416 3064 483 3112 nem.
502 3073 546 3112 175.
561 3090 589 3101 -
641 3074 708 3123 post‚·
721 3081 770 3124 roy.
779 3071 842 3114 aen.
856 3079 902 3117 112.
916 3097 945 3107 -
959 3082 996 3121 26.
1008 3079 1085 3123 wei-
