2317 3500
60 75 62 78 ·
140 83 197 141 230
481 73 515 122 Q.
540 64 632 112 cunei
654 50 737 106 anri
935 46 1014 130 [ἐπὶ
1029 48 1107 137 328]

145 208 208 267 duci
220 205 254 259 ut
265 189 394 255 traderet
406 189 543 257 petram.
560 182 613 258 [26]
630 171 771 250 Interim,
788 176 823 233 ed
847 184 1030 253 augendam
1048 185 1108 241 for-

147 286 332 355 midinem,et
339 284 440 335 turres
451 282 480 314 ⁵⁰
497 273 736 336 admovebantur,
750 269 784 325 et
794 283 927 325 excussa
942 273 1108 330 tormentis

150 387 208 442 teia
219 373 372 438 micabant,
385 365 497 439 itaque
512 366 648 423 vorticem
660 362 763 434 petrae,
780 358 861 413 omni
881 360 946 417 alio
964 363 1106 434 praesidio

154 473 287 531 damnato
296 469 331 532 ⁵¹,
345 458 520 532 petiverunt
527 462 560 513 ³².

205 560 257 635 [27]
272 559 309 613 At
335 550 457 605 Oxartes
483 547 631 618 trepidum
652 540 896 609 diffidentemque
919 543 1019 600 rebus
1045 546 1108 601 suis

159 648 354 708 Sisimithrem
368 635 455 708 eoepit
479 634 593 693 hortari
617 636 649 687 ut
668 630 756 685 fidem
778 642 868 700 quam
885 628 955 686 vim
970 633 1109 691 Macedo·

160 754 230 796 num
248 730 348 791 mallet
366 723 513 796 experiri3
531 739 587 778 nou
610 720 776 777 moraretur
797 712 1034 779 festinationem
1049 721 1109 779 vic-

162 826 232 885 toris
247 818 388 882 exereitus
402 815 434 870 in
447 814 565 871 Indiam
578 805 728 868 tendentis
747 824 757 859 r.
780 802 825 858 oui
845 805 995 879 quisquis
1011 816 1109 870 semet

164 917 290 982 offerret,
305 909 335 964 in
349 920 434 961 suum
448 907 537 976 eaput
549 899 705 958 alienam⁵³
720 894 831 950 cladem
846 909 913 951 esse
930 914 1107 958 versurum.

166 1004 218 1079 [28]
236 1003 272 1058 Et
290 999 352 1070 ipse
370 992 491 1065 quidem
518 989 698 1047 Sisimithres
727 982 904 1039 deditionem
926 992 1106 1047 annuebat:

166 1095 294 1151 ceterum
313 1086 406 1141 mater
429 1082 590 1153 eademque
623 1073 741 1146 conjux,
772 1070 952 1132 morituram
977 1095 1012 1135 se
1039 1084 1109 1137 anto

168 1177 341 1239 denuntians
362 1186 448 1244 quam
470 1169 502 1225 in
525 1169 614 1224 ullius
632 1162 748 1222 veniret
769 1164 959 1236 potestatem,
984 1168 1108 1227 barbari

170 1268 298 1327 animum
312 1264 348 1320 ad
359 1258 528 1316 honestiora
534 1274 624 1331 quam
638 1250 750 1309 tutiora
757 1256 782 1289 ⁵⁴
794 1256 995 1325 converterat,
1011 1263 1109 1331 pude-

172 1360 279 1427 batque
298 1346 439 1407 libertatis
463 1346 559 1419 majus
578 1361 643 1402 esse
665 1340 740 1411 apud
763 1340 885 1397 seminas
907 1361 1002 1417 quarn
1027 1353 1107 1422 apud

175 1446 251 1503 viros
265 1440 400 1515 pretium.
416 1435 468 1508 [29]
481 1434 591 1509 itaque,
605 1430 727 1489 dimisso
741 1428 922 1489 internuntio
941 1436 1033 1508 pade,
1053 1440 1108 1495 ob-

175 1532 315 1590 sidionem
328 1528 401 1583 ferre
416 1524 592 1581 decreverat.
607 1522 678 1591 Sed,
694 1535 759 1574 cum
771 1519 863 1575 hostis
878 1521 961 1581 vires
972 1543 1105 1602 suasque

175 1621 319 1697 pensaret,
335 1630 436 1671 rursus
458 1614 609 1671 muliebris
630 1606 754 1677 consilii,
769 1610 847 1681 quod
859 1628 991 1689 praeceps
1003 1619 1106 1693 magis

178 1725 265 1784 quam
285 1704 480 1765 necessarium
498 1722 562 1762 esse
586 1698 731 1768 credebat,
747 1701 894 1790 paenitere,
908 1720 979 1764 eum
1000 1710 1102 1783 eoepit.

179 1800 231 1874 [30]
256 1799 454 1868 Revocatoque
477 1799 596 1852 strenue
612 1792 729 1854 Oxarte,
743 1788 904 1847 futurum³⁵
920 1811 951 1852 se
969 1797 1000 1854 in
1016 1800 1105 1873 regis

179 1891 349 1962 potestatem
370 1884 527 1955 respondit,
543 1883 669 1940 unum³⁶
684 1881 829 1950 precatus,
854 1899 891 1938 ne
912 1886 1103 1946 voluntatem

181 1981 210 2033 et
221 1975 372 2032 eonsilium
389 1972 491 2028 matris
505 1989 565 2029 suae
577 1970 723 2044 proderet,
740 1983 798 2040 quo
814 1970 928 2030 facilius
953 1977 1040 2034 venia
1055 1978 1102 2035 illi

182 2081 294 2138 quoque
317 2063 530 2133 impetraretur.
560 2061 613 2133 [31]
642 2055 830 2115 Praemissum
853 2059 946 2134 igitur
968 2064 1101 2124 Oxarten

182 2170 248 2210 oum
270 2156 361 2209 matre
384 2150 537 2223 liberisque
560 2152 588 2206 et
608 2148 699 2204 totius
713 2149 930 2218 cognationis³⁷
944 2171 1036 2228 grege
1055 2173 1102 2213 se-

184 2241 334 2311 quebatur,
367 2253 403 2293 ne
435 2239 596 2308 exspectato
626 2233 741 2310 quidem
768 2233 834 2294 tidei
859 2237 982 2313 pignore
1016 2246 1102 2315 quod

186 2327 305 2382 Oxartes
327 2325 508 2396 promiserat.
534 2323 587 2395 [32]
604 2317 673 2394 Rex,
697 2322 793 2393 equite
815 2329 965 2396 praemisso
984 2331 1034 2403 qui
1053 2348 1102 2386 re-

185 2414 258 2471 verti
282 2429 331 2470 eos
346 2412 459 2484 juberet
480 2411 661 2484 opperirique
679 2411 862 2482 presentiam
877 2416 979 2489 ipsiuS,
995 2435 1102 2490 super-

188 2505 264 2562 venit
280 2522 286 2558 :
302 2506 340 2571 et,
352 2500 476 2556 vietimis
488 2499 622 2556 Minervae
634 2517 667 2558 ao
681 2498 814 2558 Victoriae
832 2505 926 2579 oaesis‚
941 2508 1100 2578 imperium

190 2590 343 2650 Sisimithri
366 2588 501 2658 restituit,
517 2604 566 2660 spe
590 2589 709 2665 maj0ris
731 2589 817 2648 etiam
838 2595 992 2664 provinciae
1006 2595 1099 2668 faeta,

189 2850 217 2860 -
229 2834 262 2872 22.
279 2838 364 2878 turra,
375 2836 425 2879 roy.
442 2823 501 2867 otae
511 2821 571 2866 urae
583 2845 612 2855 -
665 2828 697 2868 et.
706 2822 932 2878 tuttoraaopldem.
942 2833 1048 2874 lit-35.
1057 2829 1102 2880 fu-

191 2894 224 2932 ³1.
243 2889 361 2940 dormiero,
385 2883 461 2928 sed-d.
479 2887 565 2939 spreto.
585 2907 612 2915 —
664 2888 746 2927 turum
755 2885 1028 2942 equivautdoonturwm
1047 2888 1100 2932 d'od

192 2955 224 2992 22.
231 2949 369 3002 petiverunt,
378 2951 482 2990 sous-em.
496 2946 613 2989 ἠθείη-
666 2948 785 2991 l'aocuoatii
797 2949 858 3003 apres
870 2951 908 2996 tn.
923 2977 949 2986 -
969 2957 1000 2996 36.
1015 2963 1098 2994 unum

192 3009 343 3064 emelim,
357 3020 411 3065 pour
422 3008 534 3059 otiorum,
547 3005 615 3049 desti·
667 3015 699 3054 ost
720 3011 887 3056 ordinairement
915 3017 967 3060 dans
990 3025 1025 3056 ees
1046 3026 1101 3057 eon-

194 3071 232 3117 nte
249 3071 261 3112 2
278 3072 371 3118 d’autreo
388 3071 438 3128 (aux
461 3070 564 3120 ludionei·
588 3093 612 3104 -
668 3068 785 3122 structione
797 3072 888 3127 precede
906 3075 1049 3126 deidati.
1057 3087 1099 3120 eo-
