2317 3500
51 56 70 109 4
340 40 370 92 Q.
393 29 497 78 CURTI
526 20 628 73 RUFI
711 16 713 22 '
799 19 958 107 [Afflt330J

52 177 88 252 ps]
120 160 264 224 Fremitus
291 151 417 223 undique
444 132 696 215 indignantium
724 155 957 226 querentiumque

51 271 82 322 ta
92 252 228 316 contione
240 239 432 314 obstrepebat,
448 232 558 307 qualis
577 225 743 326 5⁰¹0i0⁸80
757 242 955 315 multitudinis,

51 344 191 407 ,maxime
203 330 349 399 militaris,
363 327 413 384 uhi
426 327 478 382 aut
492 321 607 379 studio
622 320 723 390 agitur
737 332 791 386 aut
803 332 853 388 ira,

62 437 98 513 [7]
114 423 306 490 Nicomachus
317 413 596 474 deindeetldetron
608 410 640 467 ot
652 406 807 476 Cebalinus
819 419 955 491 producti,

62 544 91 586 ιω
116 516 240 588 quisque
253 508 412 576 detulerat,
425 505 595 576 exponunt.
610 499 728 562 Nullius
739 524 837 564 eorum
855 508 955 565 indicio

68 588 163 670 illotas
183 603 259 659 inter
275 595 435 668 participes
450 595 576 650 sceleris
599 592 826 654 destinabatur⁸.
847 599 953 672 ltaque,

72 694 232 774 lignatione
248 687 378 758 pressa⁹‚
404 701 460 740 vox
475 683 614 741 indicum
633 681 745 740 silentio
766 690 880 759 excepta
901 690 953 744 est.

84 791 161 844 Tum
175 795 245 836 rex:
267 794 281 825 ιι
296 771 442 844 Qualis»,
458 773 566 848 inquit,
586 794 600 828 o
620 790 688 846 ergo
707 773 792 830 animi
813 777 894 832 vobis
910 776 958 833 ui-

84 894 129 945 ur,
152 867 202 942 qul
213 863 301 935 hujus
311 859 354 915 rei
371 862 506 918 delatum
520 863 659 922 indicium
669 863 702 918 ad
712 862 804 934 ipsum
818 880 957 936 suppres-

88 961 140 1036 ι[9]
154 954 238 1024 Quod
247 966 305 1007 non
318 949 416 1008 luisse
430 970 540 1010 vanum
550 951 652 1026 Dymni
665 951 754 1008 exitus
767 952 900 1008 declarat.
913 951 955 1007 ln·

94 1066 147 1108 pm
170 1059 232 1100 rem
255 1037 403 1110 deferens,
425 1042 572 1097 tormenta
597 1057 653 1096 non
672 1039 767 1096 timuit
790 1039 953 1109 Cebalinus,

99 1151 155 1192 roo
165 1145 202 1186 ne
216 1126 401 1182 momentum
415 1126 532 1198 quidem
539 1126 674 1198 temporis
684 1124 793 1182 distulit
802 1141 956 1182 exonerare

105 1227 129 1279 rt
142 1235 189 1285 eo,
209 1213 258 1269 ubi
273 1211 406 1281 lavabar,
431 1213 624 1286 irrumperet:
641 1213 767 1271 Philotas
784 1215 863 1270 solus
884 1213 955 1269 nihil

108 1312 150 1381 rit,
180 1302 252 1359 nihil
278 1299 412 1356 credidit.
440 1302 531 1374 [1010
553 1303 650 1376 magni
664 1302 751 1360 animi
767 1303 877 1359 viruml
900 1301 957 1358 Istc

113 1390 263 1466 epericulo
278 1393 554 1460 commovereturw,
571 1393 681 1447 vultum
691 1389 958 1460 mutaret,indicem

118 1501 130 1538 e
143 1478 186 1536 rei
197 1476 337 1532 sollicitus
351 1476 482 1533 audirctl
503 1480 554 1552 [ll]
573 1480 677 1536 Subest
695 1479 832 1535 nimirum
843 1469 958 1534 silentio
993 1537 996 1541 ,

123 1585 167 1636 uS,
180 1568 209 1622 et
226 1565 308 1622 avida
320 1579 387 1634 spes
407 1567 492 1638 regni
507 1568 679 1640 praecipitem
697 1569 826 1625 animum
841 1569 879 1622 ad
893 1566 961 1622 ulti·

146 1653 227 1710 nelas
251 1651 375 1724 impulit·
400 1650 489 1709 Pater
509 1655 608 1712 Mediae
633 1660 737 1727 praeest
759 1675 765 1709 :
789 1656 860 1727 ipse,
884 1653 961 1724 apud

131 1762 153 1801 is
167 1741 313 1814 copiarum
335 1739 426 1795 duces
438 1743 510 1799 meis
528 1746 689 1816 praepotens
699 1750 721 1782 ¹¹
733 1743 843 1799 viribus
852 1747 886 1812 ¹²,
900 1757 960 1796 ma-

135 1848 212 1905 [uam
235 1831 311 1903 capit
335 1825 470 1897 spirate.
493 1831 543 1905 [12]
567 1832 711 1888 Orbitas¹⁴
740 1847 856 1903 quoque
883 1845 960 1898 mea,

142 1919 205 1975 sino
223 1918 321 1975 liberis
341 1930 418 1984 sum,
434 1921 595 1988 spernitur.
613 1920 669 1976 Sed
679 1924 758 1976 errat
770 1917 912 1974 Philotas.
929 1917 963 1974 In

142 2011 160 2045 n
181 2005 299 2072 liberos,
319 2004 465 2076 parentes,
482 2007 711 2080 consanguineos
733 2006 826 2063 habeo
849 2024 856 2059 ε
879 2003 964 2061 vobis

160 2093 247 2149 orbus
262 2109 324 2149 esse
345 2104 401 2145 non
422 2107 579 2161 possum.»

154 2180 316 2252 Epistulam
330 2176 431 2234 deiude
444 2179 648 2238 Parmenionis
657 2179 856 2250 interceptam,
874 2195 969 2250 quani

154 2284 177 2321 is
192 2268 363 2326 Nicanorem
378 2270 406 2323 ct
419 2267 553 2333 Philotan
574 2266 741 2339 scripserat,
754 2266 871 2337 recitat,
885 2266 969 2323 haud

159 2354 265 2434 dicium
278 2355 418 2429 gravioris
426 2360 449 2395 ¹⁰
459 2356 571 2416 consilii
583 2355 795 2430 praeferentem.
808 2354 861 2428 [li]
877 2354 972 2411 Nam-

186 2580 206 2619 8.
228 2576 393 2629 destinabatur,
410 2578 471 2625 c'cst-
526 2588 560 2627 13.
574 2578 675 2633 majora
688 2574 775 2627 spirat,
789 2587 839 2630 vop.
851 2577 921 2621 Rern.
936 2584 970 2623 88.

167 2636 307 2692 iipnobctor.
323 2660 350 2669 -
368 2644 387 2683 9.
403 2640 470 2684 indi.
523 2666 552 2677 ..
576 2646 611 2683 14.
634 2636 732 2682 orbitas.
753 2641 799 2678 mot
816 2637 856 2690 qui
878 2639 973 2693 designo

169 2707 257 2750 presso,
268 2697 416 2751 l’indignation
429 2702 470 2744 s'e'-
524 2700 714 2747 indille'remmont
722 2696 743 2736 la
751 2701 810 2748 perte
819 2697 859 2739 dos
871 2706 973 2752 parents,
984 2748 989 2753 ⁶

172 2769 190 2801 s.
204 2766 273 2804 -10.
283 2768 470 2818 commoveretur,
525 2766 564 2809 des
585 2761 682 2808 entonis,
707 2755 736 2797 dn
762 2758 816 2798 mari
838 2770 869 2801 ou
898 2762 928 2803 dc
952 2763 974 2803 la
1011 2772 1014 2777 ·

173 2830 195 2861 ιιι
216 2820 260 2863 tiro
280 2823 328 2865 tmu
345 2820 469 2876 (tropique).
524 2826 606 2868 lemme
628 2833 634 2863 :
659 2818 676 2859 il
696 2819 729 2857 ost
750 2817 854 2872 explicuit
877 2832 920 2873 par
942 2822 976 2865 les

176 2887 272 2937 molens,
289 2884 354 2927 mtmc
363 2894 412 2925 sons
428 2896 470 2940 quo
525 2891 586 2930 mois
599 2882 639 2938 qui
652 2877 740 2923 suirout
754 2882 777 2919 ct
793 2882 831 2933 qui
843 2886 899 2923 sont
911 2888 978 2936 peut.

190 2967 218 2977 -
242 2953 274 2991 12.
292 2947 351 2989 mois
368 2945 469 3005 venoce,
525 2950 571 2993 tiro
595 2938 723 2995 interpolss·
738 2960 767 2969 -
786 2946 819 2982 ¹⁵·
840 2941 874 2983 in
896 2945 978 2994 votis,

191 3006 252 3051 hurdi
275 3020 329 3064 pour
349 3007 418 3055 milri.
441 3033 469 3046 -
524 3022 575 3065 noy.
588 3006 656 3050 Rom.
669 3004 719 3044 2⁰1·
735 3021 764 3031 -
781 3007 814 3045 lt.
834 3004 971 3057 manto*
