2317 3500
145 114 201 169 ast
470 125 500 177 o.
523 124 617 169 enarr
640 124 714 167 nori
764 105 878 188 [arvae
893 105 1061 191 ena-327]

146 237 197 309 {15}
214 237 288 293 Vicit
303 240 398 295 tamen
417 238 541 311 gratiam
556 237 652 295 meriti
659 243 682 277 '¹⁵
699 239 812 296 sceleris
830 238 981 309 atrocitas
1000 240 1063 297 den

146 326 327 399 nuntiarique
350 327 438 401 jussit
470 332 503 383 ut
528 330 674 385 excederet
697 328 808 397 castris
838 344 894 383 neu
920 328 1062 385 licentiae

145 415 270 471 barbara
286 417 429 487 exemplar
442 416 472 473 in
491 417 652 475 Graecorum
670 434 763 475 mores
778 422 806 474 et
828 416 909 473 mitia
929 416 1063 489 ingenia

144 506 323 561 transferret.

185 594 236 666 [161
257 594 352 661 Dahae,
376 594 549 665 Spitamenis
568 595 643 651 caede
660 596 815 665 comperta,
831 592 1061 665 Dataphernen,

145 679 309 736 defectionis
323 680 385 753 ejus
399 681 575 753 participem,
584 681 710 739 vinetum
725 681 883 737 Alexandro
896 696 987 753 seque
1003 682 1063 739 der

145 771 225 825 dont.
243 770 304 835 lile,
321 768 444 827 maxima
455 770 640 842 praesentium
655 786 789 827 curarum
800 772 881 842 parte
893 768 1059 839 iiberatus,

144 857 284 913 convertit
300 857 428 913 animum
445 859 480 914 ad
493 858 677 916 vindicandas
694 857 813 931 injurias
823 861 846 896 ¹⁶
860 872 961 914 eorum
984 860 1062 930 qui-

144 945 198 1001 bus
223 961 240 1000 a
258 944 427 1016 praetoribus
449 946 509 1003 suis
531 964 615 1004 avare
633 964 665 1004 ae
689 946 811 1019 superbe
836 945 1058 1017 imperabatur.

146 1032 196 1105 [17]
223 1032 298 1106 Ergo
317 1034 527 1106 Phratapherni
549 1036 720 1109 Hyrcaniam
734 1040 763 1094 et
777 1036 893 1091 Mardos
907 1052 974 1091 eum
997 1038 1063 1094 Ta-

146 1123 224 1193 puris
245 1124 373 1192 tradidit,
395 1126 597 1199 mandavitque
612 1129 644 1183 ut
657 1125 830 1191 Phradaten,
849 1124 894 1181 eni
913 1129 1063 1185 succede·

145 1212 203 1282 bat,
227 1213 261 1268 ad
281 1229 311 1269 se
337 1214 366 1269 in
387 1215 544 1270 custodiam
565 1214 701 1271 mitteret.
727 1213 850 1282 Arsami,
863 1214 1061 1287 Drangarum

145 1301 288 1372 praefecto,
304 1302 476 1359 substitutus
491 1308 535 1359 est
555 1304 713 1360 Stasanor:
728 1306 848 1361 Arsaces
870 1320 899 1359 in
922 1303 1061 1363 Mediam

146 1387 261 1455 missus,
278 1391 310 1443 ut
327 1389 467 1459 Oxydates
490 1389 555 1446 inde
574 1391 731 1447 decederet.
751 1391 917 1463 Babylonia,
932 1392 1057 1451 demor-

146 1482 194 1532 tuo
205 1483 226 1514 ¹⁷
242 1477 355 1542 Mazaeo,
371 1479 500 1535 Stameni
515 1478 643 1551 subjecta
655 1478 708 1532 est.

146 1725 265 1790 Parmae,
273 1727 337 1777 dans
346 1742 374 1777 aa
386 1728 486 1778 marche
498 1742 542 1777 eur
553 1726 658 1792 Gazaba,
670 1725 761 1775 soutsre
776 1722 906 1790 beaucoup
919 1726 952 1776 du
967 1726 1053 1782 froid:

253 1799 312 1850 trait
322 1800 353 1848 de
368 1800 442 1856 boote
456 1799 626 1848 d'htexandre.
641 1821 673 1836 -
688 1797 708 1846 ll
720 1799 812 1860 eponae
824 1796 933 1846 Roxane.

181 1967 228 2024 IV.
251 1968 283 2041 [l]
305 1967 355 2023 His
366 1969 539 2038 compositis,
552 1968 638 2024 tertio
657 1983 754 2024 mense
773 1983 807 2024 ex
821 1966 970 2023 hibernis¹
986 1986 1058 2028 mo-

145 2056 187 2114 vit
200 2056 364 2125 exercitum,
373 2057 520 2129 regionem
533 2073 596 2130 quae
608 2057 717 2114 Gazaba
731 2056 888 2127 appellatur
902 2055 1054 2117 aditurus.

149 2144 183 2218 [2]
197 2144 310 2200 Primus
325 2145 383 2200 dies
398 2145 527 2217 quietum
537 2145 592 2202 iter
606 2145 726 2216 praebuit
740 2163 745 2197 z
759 2142 905 2215 proximus
917 2144 953 2212 ei,
969 2162 1057 2203 non-

147 2234 214 2288 dum
243 2233 358 2305 quidem
385 2234 560 2306 procellosus
587 2238 616 2291 et
640 2234 743 2301 tristia,
771 2233 921 2291 obscurior
947 2236 1056 2294 tamen

146 2322 266 2394 pristino
282 2327 304 2391 ²,
324 2341 381 2380 non
408 2323 470 2380 sine
488 2322 599 2379 minis⁵
625 2322 778 2380 crescentis
803 2322 871 2378 mali
895 2325 1067 2395 praeteriit..
1126 2385 1146 2398 ,Ἴ

148 2412 181 2484 [3]
195 2411 300 2479 Tertio,
321 2414 355 2469 ab
375 2414 452 2471 omni
472 2416 553 2484 parto
567 2413 627 2470 caeli
640 2411 761 2471 emicare
775 2411 900 2485 fulgura,
914 2415 952 2481 et,
970 2431 1056 2474 nunc

147 2499 329 2557 internitente
349 2503 421 2572 lnce,
437 2518 512 2557 nunc
526 2502 648 2568 condita,
664 2518 721 2558 non
736 2503 833 2559 oeulos
851 2502 936 2558 modo
951 2517 1056 2560 mean·

147 2588 205 2644 tis⁴
229 2589 377 2657 exercitus,
405 2589 455 2646 sed
491 2582 577 2646 etiam
608 2591 728 2657 animoa,
753 2595 861 2648 terrere
887 2597 1052 2662 coeperunt.

148 2795 267 2839 demerui
275 2799 307 2837 est
314 2794 342 2837 ἰοί
349 2794 465 2837 substantii
470 2800 492 2837 ct
498 2795 568 2847 signi·
621 2795 755 2848 v111,11,1o‚
767 2797 794 2838 oh
805 2795 820 2837 il
832 2795 884 2837 ttait
894 2805 972 2836 rerenn
983 2797 1053 2850 apr'cs

147 2857 172 2898 de
186 2873 196 2894 ι
208 2857 289 2901 service
299 2872 320 2900 a.
334 2880 361 2888 -
372 2863 403 2901 to.
412 2857 525 2913 injuriat.
537 2858 568 2899 tes
622 2857 641 2898 le
650 2861 741 2898 meurtre
752 2858 777 2899 de
786 2856 915 2910 Spitamene.
929 2878 955 2886 -
965 2863 984 2900 2.
991 2859 1051 2910 prt-

98 2969 104 2980 ί
146 2917 248 2972 iniquitis
258 2919 338 2972 (subies
346 2919 568 2974 par).-tt.demor-
620 2918 697 2960 athius
712 2918 760 2960 dies
781 2917 889 2972 equivant,
907 2917 975 2960 meme
991 2917 1051 2964 dans

146 2983 194 3028 tuo,
205 2980 303 3022 termede
314 2979 377 3031 droit,
389 2979 426 3032 qui
435 2978 568 3021 sembtesur-
620 2979 651 3022 les
675 2977 780 3022 terivaine
805 2978 934 3033 messiones,
954 2979 966 3020 h
990 2981 1049 3032 pri-

147 3038 565 3095 tootemploytiproposdesuoecssions
620 3041 665 3082 dte.
682 3062 709 3071 -
722 3045 743 3084 3.
755 3039 983 3094 minte„symptomes
997 3049 1047 3082 me·

174 3095 210 3138 tv.
224 3104 243 3142 1.
262 3100 374 3152 biberetis,
393 3102 405 3143 a
421 3101 523 3154 Nautaca,
537 3100 565 3144 ct.
620 3103 750 3159 napaeis·-
763 3102 902 3154 braccatis,
916 3111 962 3155 ror.
975 3099 1046 3146 nen.
