2317 3500
71 163 136 242 turri
147 159 215 244 330]
427 181 521 226 mesu
539 173 573 227 vj
894 173 946 230 157

70 295 168 352 servari
187 297 281 367 potest
300 295 421 353 redimit.
438 296 475 370 [l]
492 297 551 370 Ego
565 300 669 364 tamen,
686 314 743 355 non
762 301 794 354 ut
814 302 946 357 damnum

68 384 174 456 quidem
188 382 284 450 iacias,
299 383 413 451 suadeo,
434 386 483 439 sed
501 387 535 440 ut
558 387 587 440 te
611 401 643 441 ac
664 402 786 458 regnum
808 390 889 444 tuum
904 405 946 444 sa-

69 473 135 528 lubri
160 471 270 528 ratione
298 488 455 528 conserves.
478 471 528 528 Dis
551 473 678 529 adversis
701 473 808 530 bellum
832 476 946 548 inimus,

68 566 94 617 et
113 561 237 633 pertinax
260 562 374 617 fortuna
393 560 496 617 Persas
519 577 623 633 urgere
648 579 704 618 non
729 563 841 620 desinit.
862 565 948 622 Novis

68 649 178 706 initiis¹⁰
193 653 222 706 et
233 650 375 706 ominibus
389 665 460 722 opus
473 652 526 707 est.
544 649 707 722 Auspicium
716 655 738 688 ¹¹
753 655 782 708 et
797 651 948 723 imperium

67 737 174 794 interim
208 738 255 794 alii
280 738 370 807 trade,
392 737 441 810 qui
460 737 570 794 tamdiu
600 755 649 794 rex
677 741 834 810 appelletur
860 740 947 797 donec

66 826 129 882 Asia
148 825 262 882 decedat
279 825 381 894 hostis,
400 825 491 881 victor
508 825 609 882 deinde
628 843 750 898 regnum
770 826 820 881 tibi
837 827 945 882 reddat.

68 913 103 986 [5]
118 913 176 968 lloc
191 916 283 969 autem
305 913 384 971 brevi
398 913 527 970 futurum
545 915 618 970 ratio
630 919 652 951 ¹¹
673 915 824 986 promittit.
846 900 948 972 Bactra

65 1003 170 1058 intacta
190 1005 265 1069 suut,
280 1001 340 1059 lndi
355 1005 384 1058 et
399 1003 478 1059 Sacae
492 1001 522 1057 in
544 1007 594 1058 tua
613 1006 767 1075 potestate:
783 1006 827 1060 tot
840 1002 946 1075 populi,

64 1095 106 1149 tot
124 1089 270 1155 exercitus,
285 1095 328 1148 tot
349 1091 477 1164 equitum
495 1090 678 1162 peditumque
701 1091 790 1146 millia
808 1092 844 1146 ad
866 1106 949 1146 reuo-

63 1178 247 1238 vandasvires
255 1184 354 1250 parata
364 1180 470 1237 hahent
481 1182 514 1235 ut
525 1179 619 1252 major
629 1179 697 1236 belli
715 1180 804 1236 moles
812 1183 835 1216 ¹³
850 1195 949 1252 super-

63 1269 198 1342 sitquam
215 1268 350 1324 exhausta
363 1267 410 1324 sit.
424 1267 460 1342 [6]
474 1267 549 1334 Quid
568 1268 690 1338 ruimuS,
712 1268 861 1324 beluarum
880 1267 947 1338 ritu,

62 1358 92 1413 in
116 1357 267 1432 pernicicm
292 1372 350 1412 non
373 1355 581 1413 necessariam?
603 1356 731 1413 Fortium
753 1356 881 1414 virorum
906 1365 949 1413 est

62 1445 152 1519 magis
165 1448 287 1500 mortem
301 1446 479 1502 contemnere
495 1461 581 1518 quam
595 1444 688 1502 odisse
700 1444 797 1504 vitam.
813 1446 851 1520 [7]
869 1445 949 1517 Saepe

62 1533 143 1589 taedio
155 1531 261 1589 laboris
274 1533 309 1590 ad
326 1531 464 1589 vilitatem
478 1532 522 1589 sui
529 1538 555 1572 ¹⁴
564 1535 774 1606 compelluntur
793 1534 897 1608 ignari.
914 1536 950 1589 nt

61 1621 131 1677 nihil
141 1621 232 1677 virtus
239 1621 415 1693 inexpertum
427 1621 541 1678 omittit.
551 1622 636 1695 Atqui
647 1622 809 1678 ultimum¹¹
822 1621 949 1678 omnium

61 1725 138 1767 mors
150 1712 196 1766 est
210 1729 217 1765 :
233 1710 268 1766 ad
285 1724 371 1782 quam
387 1725 442 1779 non
458 1708 539 1783 pigro
553 1709 595 1766 ire
613 1711 683 1768 satis
695 1713 748 1767 est.
765 1709 801 1784 [8]
816 1709 949 1779 Proinde,

60 1798 84 1853 si
101 1800 211 1866 Bactra,
229 1799 305 1869 quod
323 1795 499 1854 tutissimum
517 1800 727 1871 receptaculum
747 1801 799 1866 est,
815 1799 949 1869 petimus.

60 1884 340 1959 preelectusrcgionis
352 1884 423 1957 ejuS,
438 1885 553 1955 Bessus,
564 1886 658 1958 regni,
668 1885 806 1957 temporis
817 1886 909 1956 gretia
917 1890 949 1952 ¹⁶,

58 1989 174 2045 compos
187 1972 238 2042 sit3
252 1973 276 2029 is
286 1973 363 2046 justo
373 1978 395 2011 ¹¹
406 1974 468 2047 regi
483 1974 534 2031 tibi
546 1974 725 2031 fiduciarium
745 1971 878 2029 restituet
899 1971 951 2027 im-

57 2061 208 2133 perium.»

93 2149 132 2223 [9]
148 2150 232 2205 Haud
249 2149 354 2205 mirum
371 2153 416 2206 est
436 2148 553 2207 Darium
575 2167 633 2207 non
649 2154 821 2221 temperasse
845 2147 949 2214 animo,

57 2254 243 2312 quamquam,
263 2241 321 2294 tam
342 2236 434 2312 impiae
453 2238 515 2295 roci
542 2242 687 2311 quantum.
708 2238 787 2294 netas
811 2236 949 2301 subesset,

56 2326 175 2383 latebat.
201 2326 322 2399 ltaque:
345 2345 360 2378 o
379 2326 539 2383 Pessimum
558 2349 584 2397 s,
607 2326 709 2399 iuquit,
736 2345 749 2378 u
768 2324 949 2395 mancipium,

54 2415 210 2485 repperisti
233 2416 394 2486 exoptatum
411 2414 462 2471 tibi
482 2418 594 2487 tempus
614 2432 670 2487 quo
685 2412 868 2485 parricidium
882 2430 951 2483 ape-

56 2502 188 2557 rirest»
223 2503 274 2576 [10]
301 2502 455 2575 strictoque
481 2504 593 2560 acinace
608 2508 632 2541 ¹⁸
658 2503 859 2558 interfecturus
886 2518 951 2557 eum

55 2590 227 2659 videbatur,
249 2592 277 2647 ni
296 2608 415 2664 propere
433 2594 538 2650 Bessus
562 2592 771 2665 Bactrianique,
796 2594 879 2664 quusi
901 2594 949 2647 de-

53 2684 255 2751 precarentur,
269 2680 395 2737 tristium
406 2682 498 2753 specie
507 2686 541 2751 ¹⁹,
555 2686 691 2750 ceterum,
707 2682 731 2738 si
747 2684 950 2753 perseveraret,

63 2862 80 2872 ·
97 2838 225 2891 rescistis,
235 2839 287 2881 daus
298 2838 318 2881 lo
331 2850 381 2882 sens
395 2839 421 2882 de
436 2850 478 2883 ou·
532 2842 625 2893 ttmucn,
642 2840 662 2883 la
679 2839 773 2885 dernitre
795 2848 908 2880 ressource.
926 2859 952 2867 -

53 2901 154 2953 spirits.
174 2924 201 2933 -
224 2905 255 2942 lt.
273 2901 416 2953 auspicium,
430 2912 477 2955 vop.
535 2908 566 2947 lt.
583 2904 693 2956 teuperto
716 2903 800 2957 qratia,
824 2910 877 2953 pour
894 2897 953 2939 cbo'ir

53 2962 184 3006 Dictlls'st.
197 2985 224 2994 -
236 2969 268 3004 12.
280 2963 349 3015 rullo,
362 2974 392 3005 uu
404 2962 480 3015 simplo
533 2964 741 3007 auxcirconstances.
753 2984 781 2995 -
798 2968 829 3005 17.
838 2960 911 3015 justo,
923 2958 951 3000 ld-

52 3024 135 3067 cnlcul.
152 3048 180 3057 -
204 3031 236 3069 ts.
255 3024 334 3076 moles,
352 3036 479 3067 ressonrces.
533 3026 615 3078 gitime.
628 3031 695 3067 -1o.
710 3024 813 3075 acinace,
832 3032 880 3073 roy.
893 3020 951 3061 Dior.

52 3108 81 3117 -
103 3092 137 3131 lli.
154 3088 202 3141 out,
214 3099 262 3141 vop.
278 3087 340 3129 Rern.
354 3088 415 3131 tara
429 3085 481 3129 taire
534 3089 592 3130 Hier.
608 3108 634 3119 -ι
646 3093 676 3132 le.
691 3086 796 3128 tristium
808 3082 890 3135 specio,
902 3091 952 3123 arec

53 3160 98 3190 oon
112 3149 201 3193 mmht
214 3148 386 3192 deleurvie.-
402 3156 433 3193 lo.
446 3148 482 3190 ul·
506 3172 511 3186 .
534 3149 664 3205 l'apparsnce
687 3148 712 3190 de
741 3158 793 3200 gens
823 3143 902 3189 tristes.
926 3162 952 3175 -
