<?xml version="1.0" encoding="UTF-8"?>
<!DOCTYPE html PUBLIC "-//W3C//DTD XHTML 1.0 Transitional//EN"
    "http://www.w3.org/TR/xhtml1/DTD/xhtml1-transitional.dtd">
<html xmlns="http://www.w3.org/1999/xhtml" xml:lang="en" lang="en">
 <head>
  <title>
</title>
<meta http-equiv="Content-Type" content="text/html;charset=utf-8" />
  <meta name='ocr-system' content='tesseract 3.04.00' />
  <meta name='ocr-capabilities' content='ocr_page ocr_carea ocr_par ocr_line ocrx_word'/>
</head>
<body>
  <div class='ocr_page' id='page_1' title='image "./qcurtiirufihist00vogegoog_0118.png"; bbox 0 0 2317 3500; ppageno 0'>
   <div class='ocr_carea' id='block_1_1' title="bbox 167 174 1062 262">
    <p class='ocr_par' dir='ltr' id='par_1_1' title="bbox 167 174 1062 262">
     <span class='ocr_line' id='line_1_1' title="bbox 167 174 1062 262; baseline 0.002 -23"><span class='ocrx_word' id='word_1_1' title='bbox 167 185 221 239; x_wconf 84' lang='grc'>102</span> <span class='ocrx_word' id='word_1_2' title='bbox 487 197 517 247; x_wconf 81' lang='lat' dir='ltr'>Q·</span> <span class='ocrx_word' id='word_1_3' title='bbox 539 196 631 239; x_wconf 80' lang='lat' dir='ltr'>cumr</span> <span class='ocrx_word' id='word_1_4' title='bbox 654 195 727 238; x_wconf 81' lang='lat' dir='ltr'>nuri</span> <span class='ocrx_word' id='word_1_5' title='bbox 870 174 970 260; x_wconf 79' lang='lat' dir='ltr'>[surr.</span> <span class='ocrx_word' id='word_1_6' title='bbox 988 178 1062 262; x_wconf 84' lang='lat'>331]</span> 
     </span>
    </p>
   </div>
   <div class='ocr_carea' id='block_1_2' title="bbox 158 309 1077 3127">
    <p class='ocr_par' dir='ltr' id='par_1_2' title="bbox 164 309 1063 455">
     <span class='ocr_line' id='line_1_2' title="bbox 164 309 1063 383; baseline 0.003 -17"><span class='ocrx_word' id='word_1_7' title='bbox 164 327 249 383; x_wconf 86' lang='lat' dir='ltr'>quarn</span> <span class='ocrx_word' id='word_1_8' title='bbox 272 327 304 366; x_wconf 84' lang='lat' dir='ltr'>ex</span> <span class='ocrx_word' id='word_1_9' title='bbox 327 310 543 382; x_wconf 65' lang='lat' dir='ltr'>presentibus²²</span> <span class='ocrx_word' id='word_1_10' title='bbox 558 310 649 366; x_wconf 88' lang='lat' dir='ltr'>tutius</span> <span class='ocrx_word' id='word_1_11' title='bbox 663 309 756 366; x_wconf 87' lang='lat' dir='ltr'>visum</span> <span class='ocrx_word' id='word_1_12' title='bbox 780 314 833 380; x_wconf 88' lang='lat' dir='ltr'>est,</span> <span class='ocrx_word' id='word_1_13' title='bbox 849 327 935 381; x_wconf 89' lang='lat' dir='ltr'>quam</span> <span class='ocrx_word' id='word_1_14' title='bbox 958 314 1063 369; x_wconf 89' lang='lat' dir='ltr'>eodem</span> 
     </span>
     <span class='ocr_line' id='line_1_3' title="bbox 164 399 520 455; baseline 0.003 -1"><span class='ocrx_word' id='word_1_15' title='bbox 164 400 225 454; x_wconf 89' lang='lat' dir='ltr'>loco</span> <span class='ocrx_word' id='word_1_16' title='bbox 253 402 345 455; x_wconf 84' lang='lat' dir='ltr'>castra</span> <span class='ocrx_word' id='word_1_17' title='bbox 366 399 477 454; x_wconf 90' lang='lat' dir='ltr'>munire</span> <span class='ocrx_word' id='word_1_18' title='bbox 487 404 520 455; x_wconf 75' lang='lat'>⁹³.</span> 
     </span>
    </p>

    <p class='ocr_par' dir='ltr' id='par_1_3' title="bbox 158 487 1077 3127">
     <span class='ocr_line' id='line_1_4' title="bbox 200 487 1068 560; baseline 0.007 -18"><span class='ocrx_word' id='word_1_19' title='bbox 200 487 251 560; x_wconf 89' lang='lat'>[18]</span> <span class='ocrx_word' id='word_1_20' title='bbox 272 489 389 544; x_wconf 88' lang='lat' dir='ltr'>Postero</span> <span class='ocrx_word' id='word_1_21' title='bbox 404 488 448 544; x_wconf 90' lang='lat' dir='ltr'>die</span> <span class='ocrx_word' id='word_1_22' title='bbox 468 488 588 544; x_wconf 75' lang='lat' dir='ltr'>Mazaeus</span> <span class='ocrx_word' id='word_1_23' title='bbox 600 518 636 530; x_wconf 92' lang='lat'><em>-</em></span> <span class='ocrx_word' id='word_1_24' title='bbox 649 503 714 543; x_wconf 89' lang='lat' dir='ltr'>cum</span> <span class='ocrx_word' id='word_1_25' title='bbox 733 487 877 544; x_wconf 77' lang='lat' dir='ltr'>delectis²⁴</span> <span class='ocrx_word' id='word_1_26' title='bbox 891 489 1023 560; x_wconf 88' lang='lat' dir='ltr'>equitum</span> <span class='ocrx_word' id='word_1_27' title='bbox 1034 489 1068 549; x_wconf 88' lang='lat' dir='ltr'>in</span> 
     </span>
     <span class='ocr_line' id='line_1_5' title="bbox 166 575 1067 650; baseline 0.004 -18"><span class='ocrx_word' id='word_1_28' title='bbox 166 576 240 632; x_wconf 90' lang='lat' dir='ltr'>edito</span> <span class='ocrx_word' id='word_1_29' title='bbox 255 577 336 644; x_wconf 88' lang='lat' dir='ltr'>colle,</span> <span class='ocrx_word' id='word_1_30' title='bbox 351 593 384 632; x_wconf 82' lang='lat' dir='ltr'>ex</span> <span class='ocrx_word' id='word_1_31' title='bbox 405 593 461 649; x_wconf 90' lang='lat' dir='ltr'>quo</span> <span class='ocrx_word' id='word_1_32' title='bbox 484 577 670 632; x_wconf 83' lang='lat' dir='ltr'>Macedonum</span> <span class='ocrx_word' id='word_1_33' title='bbox 691 575 936 648; x_wconf 75' lang='lat' dir='ltr'>prospiciebantur</span> <span class='ocrx_word' id='word_1_34' title='bbox 957 582 1067 650; x_wconf 83' lang='lat' dir='ltr'>castra,</span> 
     </span>
     <span class='ocr_line' id='line_1_6' title="bbox 165 664 1069 740; baseline 0.006 -20"><span class='ocrx_word' id='word_1_35' title='bbox 165 667 331 722; x_wconf 82' lang='lat' dir='ltr'><strong>consederat</strong></span> <span class='ocrx_word' id='word_1_36' title='bbox 349 697 384 707; x_wconf 89' lang='lat'>—</span> <span class='ocrx_word' id='word_1_37' title='bbox 404 665 463 721; x_wconf 88' lang='lat' dir='ltr'>sive</span> <span class='ocrx_word' id='word_1_38' title='bbox 476 667 565 736; x_wconf 87' lang='lat' dir='ltr'>metu,</span> <span class='ocrx_word' id='word_1_39' title='bbox 591 664 649 721; x_wconf 89' lang='lat' dir='ltr'>sive</span> <span class='ocrx_word' id='word_1_40' title='bbox 664 665 731 737; x_wconf 91' lang='lat' dir='ltr'>quia</span> <span class='ocrx_word' id='word_1_41' title='bbox 743 666 881 736; x_wconf 89' lang='lat' dir='ltr'>speculari</span> <span class='ocrx_word' id='word_1_42' title='bbox 897 666 981 722; x_wconf 91' lang='lat' dir='ltr'>modo</span> <span class='ocrx_word' id='word_1_43' title='bbox 1002 667 1069 740; x_wconf 48' lang='lat' dir='ltr'>jus*</span> 
     </span>
     <span class='ocr_line' id='line_1_7' title="bbox 165 752 1068 826; baseline 0 -16"><span class='ocrx_word' id='word_1_44' title='bbox 165 771 214 812; x_wconf 91' lang='lat' dir='ltr'>sus</span> <span class='ocrx_word' id='word_1_45' title='bbox 236 760 307 820; x_wconf 83' lang='lat' dir='ltr'>erat,</span> <span class='ocrx_word' id='word_1_46' title='bbox 327 755 362 810; x_wconf 87' lang='lat' dir='ltr'>ad</span> <span class='ocrx_word' id='word_1_47' title='bbox 384 753 500 809; x_wconf 87' lang='lat' dir='ltr'>Darium</span> <span class='ocrx_word' id='word_1_48' title='bbox 519 752 612 808; x_wconf 90' lang='lat' dir='ltr'>rediit.</span> <span class='ocrx_word' id='word_1_49' title='bbox 628 754 678 826; x_wconf 81' lang='grc'>[19]</span> <span class='ocrx_word' id='word_1_50' title='bbox 700 753 865 810; x_wconf 80' lang='lat' dir='ltr'>Macedones</span> <span class='ocrx_word' id='word_1_51' title='bbox 885 770 951 810; x_wconf 88' lang='lat' dir='ltr'>eum</span> <span class='ocrx_word' id='word_1_52' title='bbox 970 754 1068 824; x_wconf 89' lang='lat' dir='ltr'>ipsum</span> 
     </span>
     <span class='ocr_line' id='line_1_8' title="bbox 165 844 1070 916; baseline 0 -15"><span class='ocrx_word' id='word_1_53' title='bbox 165 845 265 901; x_wconf 87' lang='lat' dir='ltr'>collem</span> <span class='ocrx_word' id='word_1_54' title='bbox 290 861 374 916; x_wconf 85' lang='lat' dir='ltr'>quern</span> <span class='ocrx_word' id='word_1_55' title='bbox 396 844 560 899; x_wconf 80' lang='lat' dir='ltr'>deseruerat</span> <span class='ocrx_word' id='word_1_56' title='bbox 580 846 788 915; x_wconf 87' lang='lat' dir='ltr'>occupaverunt</span> <span class='ocrx_word' id='word_1_57' title='bbox 811 863 817 896; x_wconf 95' lang='lat'><strong>:</strong></span> <span class='ocrx_word' id='word_1_58' title='bbox 839 861 904 898; x_wconf 90' lang='lat' dir='ltr'>nam</span> <span class='ocrx_word' id='word_1_59' title='bbox 928 846 957 900; x_wconf 89' lang='lat' dir='ltr'>et</span> <span class='ocrx_word' id='word_1_60' title='bbox 975 845 1070 901; x_wconf 89' lang='lat' dir='ltr'>tutior</span> 
     </span>
     <span class='ocr_line' id='line_1_9' title="bbox 158 929 1065 1006; baseline 0.001 -18"><span class='ocrx_word' id='word_1_61' title='bbox 158 929 284 1006; x_wconf 82' lang='lat' dir='ltr'>&#39;planitie</span> <span class='ocrx_word' id='word_1_62' title='bbox 302 936 373 1000; x_wconf 90' lang='lat' dir='ltr'>erat,</span> <span class='ocrx_word' id='word_1_63' title='bbox 394 935 423 988; x_wconf 90' lang='lat' dir='ltr'>et</span> <span class='ocrx_word' id='word_1_64' title='bbox 437 933 502 988; x_wconf 91' lang='lat' dir='ltr'>inde</span> <span class='ocrx_word' id='word_1_65' title='bbox 517 931 591 989; x_wconf 85' lang='lat' dir='ltr'>acies</span> <span class='ocrx_word' id='word_1_66' title='bbox 612 932 748 1001; x_wconf 89' lang='lat' dir='ltr'>bostium,</span> <span class='ocrx_word' id='word_1_67' title='bbox 764 949 826 1004; x_wconf 86' lang='lat' dir='ltr'>quae</span> <span class='ocrx_word' id='word_1_68' title='bbox 841 932 870 986; x_wconf 93' lang='lat' dir='ltr'>in</span> <span class='ocrx_word' id='word_1_69' title='bbox 894 948 994 1003; x_wconf 89' lang='lat' dir='ltr'>eampo</span> <span class='ocrx_word' id='word_1_70' title='bbox 1021 949 1065 989; x_wconf 83' lang='lat' dir='ltr'>ex·</span> 
     </span>
     <span class='ocr_line' id='line_1_10' title="bbox 165 1020 1070 1093; baseline 0.001 -16"><span class='ocrx_word' id='word_1_71' title='bbox 165 1022 333 1093; x_wconf 69' lang='lat' dir='ltr'>plicabatur,</span> <span class='ocrx_word' id='word_1_72' title='bbox 353 1020 476 1092; x_wconf 90' lang='lat' dir='ltr'>conspici</span> <span class='ocrx_word' id='word_1_73' title='bbox 492 1024 613 1091; x_wconf 87' lang='lat' dir='ltr'>poterat.</span> <span class='ocrx_word' id='word_1_74' title='bbox 630 1021 681 1093; x_wconf 87' lang='grc'>[20]</span> <span class='ocrx_word' id='word_1_75' title='bbox 704 1021 760 1076; x_wconf 87' lang='lat' dir='ltr'>Sed</span> <span class='ocrx_word' id='word_1_76' title='bbox 772 1021 873 1092; x_wconf 82' lang='lat' dir='ltr'>caligo,</span> <span class='ocrx_word' id='word_1_77' title='bbox 889 1037 975 1092; x_wconf 88' lang='lat' dir='ltr'>quam</span> <span class='ocrx_word' id='word_1_78' title='bbox 990 1022 1070 1079; x_wconf 87' lang='lat' dir='ltr'>circa</span> 
     </span>
     <span class='ocr_line' id='line_1_11' title="bbox 166 1108 1065 1182; baseline 0.001 -16"><span class='ocrx_word' id='word_1_79' title='bbox 166 1109 275 1167; x_wconf 91' lang='lat' dir='ltr'>humidi</span> <span class='ocrx_word' id='word_1_80' title='bbox 295 1110 453 1166; x_wconf 85' lang='lat' dir='ltr'>effuderant</span> <span class='ocrx_word' id='word_1_81' title='bbox 478 1112 599 1180; x_wconf 69' lang='lat' dir='ltr'>montes,</span> <span class='ocrx_word' id='word_1_82' title='bbox 622 1109 785 1165; x_wconf 85' lang='lat' dir='ltr'>universam</span> <span class='ocrx_word' id='word_1_83' title='bbox 804 1108 935 1182; x_wconf 85' lang='lat' dir='ltr'>equidem</span> <span class='ocrx_word' id='word_1_84' title='bbox 956 1110 997 1166; x_wconf 92' lang='lat' dir='ltr'>rei</span> <span class='ocrx_word' id='word_1_85' title='bbox 1024 1111 1065 1167; x_wconf 55' lang='lat' dir='ltr'>faa</span> 
     </span>
     <span class='ocr_line' id='line_1_12' title="bbox 165 1195 1070 1270; baseline -0.002 -15"><span class='ocrx_word' id='word_1_86' title='bbox 165 1197 237 1255; x_wconf 92' lang='lat' dir='ltr'>ciem</span> <span class='ocrx_word' id='word_1_87' title='bbox 258 1214 316 1254; x_wconf 91' lang='lat' dir='ltr'>non</span> <span class='ocrx_word' id='word_1_88' title='bbox 334 1197 461 1268; x_wconf 88' lang='lat' dir='ltr'>abstulit,</span> <span class='ocrx_word' id='word_1_89' title='bbox 484 1200 609 1252; x_wconf 85' lang='lat' dir='ltr'>ceterum</span> <span class='ocrx_word' id='word_1_90' title='bbox 625 1195 771 1268; x_wconf 86' lang='lat' dir='ltr'>agminum</span> <span class='ocrx_word' id='word_1_91' title='bbox 795 1197 958 1253; x_wconf 88' lang='lat' dir='ltr'>discrimina</span> <span class='ocrx_word' id='word_1_92' title='bbox 980 1201 1070 1270; x_wconf 89' lang='lat' dir='ltr'>atque</span> 
     </span>
     <span class='ocr_line' id='line_1_13' title="bbox 166 1283 1069 1356; baseline -0.003 -13"><span class='ocrx_word' id='word_1_93' title='bbox 166 1287 295 1343; x_wconf 89' lang='lat' dir='ltr'>ordinem</span> <span class='ocrx_word' id='word_1_94' title='bbox 317 1285 461 1356; x_wconf 89' lang='lat' dir='ltr'>prohibuit</span> <span class='ocrx_word' id='word_1_95' title='bbox 475 1283 605 1355; x_wconf 89' lang='lat' dir='ltr'>perspici.</span> <span class='ocrx_word' id='word_1_96' title='bbox 622 1283 774 1340; x_wconf 89' lang='lat' dir='ltr'>Multitudo</span> <span class='ocrx_word' id='word_1_97' title='bbox 786 1284 975 1341; x_wconf 86' lang='lat' dir='ltr'>inundaverat</span> <span class='ocrx_word' id='word_1_98' title='bbox 988 1302 1069 1341; x_wconf 69' lang='lat' dir='ltr'>cam⁴</span> 
     </span>
     <span class='ocr_line' id='line_1_14' title="bbox 164 1371 1073 1446; baseline 0.003 -17"><span class='ocrx_word' id='word_1_99' title='bbox 164 1390 217 1446; x_wconf 92' lang='lat' dir='ltr'>pos</span> <span class='ocrx_word' id='word_1_100' title='bbox 227 1373 414 1443; x_wconf 82' lang='lat' dir='ltr'>fremitusque</span> <span class='ocrx_word' id='word_1_101' title='bbox 423 1375 465 1427; x_wconf 93' lang='lat' dir='ltr'>tot</span> <span class='ocrx_word' id='word_1_102' title='bbox 474 1371 596 1426; x_wconf 91' lang='lat' dir='ltr'>millium</span> <span class='ocrx_word' id='word_1_103' title='bbox 608 1372 704 1440; x_wconf 84' lang='lat' dir='ltr'>etiam,</span> <span class='ocrx_word' id='word_1_104' title='bbox 714 1374 811 1443; x_wconf 86' lang='lat' dir='ltr'>procul</span> <span class='ocrx_word' id='word_1_105' title='bbox 821 1372 969 1443; x_wconf 88' lang='lat' dir='ltr'>stantium,</span> <span class='ocrx_word' id='word_1_106' title='bbox 981 1390 1073 1432; x_wconf 84' lang='lat' dir='ltr'>aures</span> 
     </span>
     <span class='ocr_line' id='line_1_15' title="bbox 166 1458 1072 1535; baseline 0.002 -20"><span class='ocrx_word' id='word_1_107' title='bbox 166 1460 342 1532; x_wconf 85' lang='lat' dir='ltr'>impleverat.</span> <span class='ocrx_word' id='word_1_108' title='bbox 359 1459 410 1531; x_wconf 93' lang='grc'>[21]</span> <span class='ocrx_word' id='word_1_109' title='bbox 430 1458 573 1513; x_wconf 86' lang='lat' dir='ltr'>Fluctuari</span> <span class='ocrx_word' id='word_1_110' title='bbox 584 1463 606 1497; x_wconf 78' lang='lat'>²⁵</span> <span class='ocrx_word' id='word_1_111' title='bbox 629 1459 723 1515; x_wconf 88' lang='lat' dir='ltr'>animo</span> <span class='ocrx_word' id='word_1_112' title='bbox 737 1476 786 1514; x_wconf 83' lang='lat' dir='ltr'>rex</span> <span class='ocrx_word' id='word_1_113' title='bbox 811 1463 839 1515; x_wconf 92' lang='lat' dir='ltr'>et</span> <span class='ocrx_word' id='word_1_114' title='bbox 862 1461 946 1516; x_wconf 90' lang='lat' dir='ltr'>modo</span> <span class='ocrx_word' id='word_1_115' title='bbox 968 1459 1072 1535; x_wconf 85' lang='lat' dir='ltr'>suum,</span> 
     </span>
     <span class='ocr_line' id='line_1_16' title="bbox 166 1547 1076 1620; baseline 0.002 -16"><span class='ocrx_word' id='word_1_116' title='bbox 166 1549 250 1604; x_wconf 93' lang='lat' dir='ltr'>modo</span> <span class='ocrx_word' id='word_1_117' title='bbox 265 1547 459 1604; x_wconf 89' lang='lat' dir='ltr'>Parmenionis</span> <span class='ocrx_word' id='word_1_118' title='bbox 484 1547 634 1603; x_wconf 88' lang='lat' dir='ltr'>eonsilium</span> <span class='ocrx_word' id='word_1_119' title='bbox 654 1564 717 1606; x_wconf 89' lang='lat' dir='ltr'>sera</span> <span class='ocrx_word' id='word_1_120' title='bbox 737 1547 924 1604; x_wconf 88' lang='lat' dir='ltr'>aestimatione</span> <span class='ocrx_word' id='word_1_121' title='bbox 946 1565 1076 1620; x_wconf 89' lang='lat' dir='ltr'>perpen-</span> 
     </span>
     <span class='ocr_line' id='line_1_17' title="bbox 167 1636 1074 1708; baseline 0 -15"><span class='ocrx_word' id='word_1_122' title='bbox 167 1639 233 1693; x_wconf 89' lang='lat' dir='ltr'>dere</span> <span class='ocrx_word' id='word_1_123' title='bbox 248 1656 254 1691; x_wconf 93' lang='lat'>:</span> <span class='ocrx_word' id='word_1_124' title='bbox 269 1636 372 1708; x_wconf 92' lang='lat' dir='ltr'>quippe</span> <span class='ocrx_word' id='word_1_125' title='bbox 387 1653 420 1692; x_wconf 94' lang='lat' dir='ltr'>eo</span> <span class='ocrx_word' id='word_1_126' title='bbox 433 1640 551 1691; x_wconf 85' lang='lat' dir='ltr'>ventum</span> <span class='ocrx_word' id='word_1_127' title='bbox 570 1640 631 1692; x_wconf 88' lang='lat' dir='ltr'>erat</span> <span class='ocrx_word' id='word_1_128' title='bbox 650 1637 723 1692; x_wconf 91' lang='lat' dir='ltr'>unde</span> <span class='ocrx_word' id='word_1_129' title='bbox 737 1636 824 1708; x_wconf 84' lang='lat' dir='ltr'>recipi</span> <span class='ocrx_word' id='word_1_130' title='bbox 843 1637 993 1708; x_wconf 86' lang='lat' dir='ltr'>exercitus,</span> <span class='ocrx_word' id='word_1_131' title='bbox 1011 1640 1074 1698; x_wconf 86' lang='lat' dir='ltr'>nisi</span> 
     </span>
     <span class='ocr_line' id='line_1_18' title="bbox 166 1725 1074 1806; baseline 0.004 -23"><span class='ocrx_word' id='word_1_132' title='bbox 166 1725 301 1798; x_wconf 81' lang='lat' dir='ltr'>victor²⁰‚</span> <span class='ocrx_word' id='word_1_133' title='bbox 315 1726 377 1783; x_wconf 89' lang='lat' dir='ltr'>sine</span> <span class='ocrx_word' id='word_1_134' title='bbox 391 1726 471 1806; x_wconf 80' lang='lat' dir='ltr'>clade</span> <span class='ocrx_word' id='word_1_135' title='bbox 485 1742 539 1783; x_wconf 90' lang='lat' dir='ltr'>non</span> <span class='ocrx_word' id='word_1_136' title='bbox 558 1729 663 1798; x_wconf 89' lang='lat' dir='ltr'>posset.</span> <span class='ocrx_word' id='word_1_137' title='bbox 683 1725 733 1799; x_wconf 94' lang='grc'>[22]</span> <span class='ocrx_word' id='word_1_138' title='bbox 753 1726 862 1798; x_wconf 90' lang='lat' dir='ltr'>ltaque,</span> <span class='ocrx_word' id='word_1_139' title='bbox 885 1725 1074 1787; x_wconf 89' lang='lat' dir='ltr'>dissimulato</span> 
     </span>
     <span class='ocr_line' id='line_1_19' title="bbox 167 1815 1076 1889; baseline 0 -16"><span class='ocrx_word' id='word_1_140' title='bbox 167 1821 255 1887; x_wconf 84' lang='lat' dir='ltr'>metu,</span> <span class='ocrx_word' id='word_1_141' title='bbox 272 1816 498 1874; x_wconf 88' lang='lat' dir='ltr'>mercennarium</span> <span class='ocrx_word' id='word_1_142' title='bbox 518 1816 670 1889; x_wconf 80' lang='lat' dir='ltr'>equitem²⁷</span> <span class='ocrx_word' id='word_1_143' title='bbox 692 1833 724 1872; x_wconf 83' lang='lat' dir='ltr'>ex</span> <span class='ocrx_word' id='word_1_144' title='bbox 746 1815 857 1872; x_wconf 87' lang='lat' dir='ltr'>Paeonia</span> <span class='ocrx_word' id='word_1_145' title='bbox 871 1818 1033 1887; x_wconf 83' lang='lat' dir='ltr'>praecedere</span> <span class='ocrx_word' id='word_1_146' title='bbox 1046 1822 1076 1857; x_wconf 75' lang='lat'>¹⁸</span> 
     </span>
     <span class='ocr_line' id='line_1_20' title="bbox 164 1904 1076 1980; baseline 0.002 -19"><span class='ocrx_word' id='word_1_147' title='bbox 164 1906 255 1980; x_wconf 87' lang='lat' dir='ltr'>jubet.</span> <span class='ocrx_word' id='word_1_148' title='bbox 270 1905 321 1979; x_wconf 86' lang='grc'>[23]</span> <span class='ocrx_word' id='word_1_149' title='bbox 334 1906 396 1977; x_wconf 89' lang='lat' dir='ltr'>lpse</span> <span class='ocrx_word' id='word_1_150' title='bbox 410 1906 621 1978; x_wconf 75' lang='lat' dir='ltr'>phalangem²⁹‚</span> <span class='ocrx_word' id='word_1_151' title='bbox 633 1904 707 1960; x_wconf 90' lang='lat' dir='ltr'>sicut</span> <span class='ocrx_word' id='word_1_152' title='bbox 718 1908 831 1960; x_wconf 76' lang='lat' dir='ltr'>antea³⁰</span> <span class='ocrx_word' id='word_1_153' title='bbox 845 1904 953 1959; x_wconf 90' lang='lat' dir='ltr'>dictum</span> <span class='ocrx_word' id='word_1_154' title='bbox 967 1908 1022 1971; x_wconf 82' lang='lat' dir='ltr'>est,</span> <span class='ocrx_word' id='word_1_155' title='bbox 1039 1906 1076 1963; x_wconf 90' lang='lat' dir='ltr'>in</span> 
     </span>
     <span class='ocr_line' id='line_1_21' title="bbox 167 1993 1075 2064; baseline 0 -15"><span class='ocrx_word' id='word_1_156' title='bbox 167 1996 223 2049; x_wconf 93' lang='lat' dir='ltr'>duo</span> <span class='ocrx_word' id='word_1_157' title='bbox 242 2011 349 2051; x_wconf 88' lang='lat' dir='ltr'>cornua</span> <span class='ocrx_word' id='word_1_158' title='bbox 377 1993 540 2049; x_wconf 81' lang='lat' dir='ltr'>extenderat</span> <span class='ocrx_word' id='word_1_159' title='bbox 563 2012 570 2045; x_wconf 75' lang='grc' dir='ltr'>ε</span> <span class='ocrx_word' id='word_1_160' title='bbox 596 1996 749 2063; x_wconf 89' lang='lat' dir='ltr'>utrumque</span> <span class='ocrx_word' id='word_1_161' title='bbox 776 2008 864 2047; x_wconf 90' lang='lat' dir='ltr'>cornu</span> <span class='ocrx_word' id='word_1_162' title='bbox 889 1994 1001 2064; x_wconf 87' lang='lat' dir='ltr'>equites</span> <span class='ocrx_word' id='word_1_163' title='bbox 1023 1997 1075 2049; x_wconf 90' lang='lat' dir='ltr'>te-</span> 
     </span>
     <span class='ocr_line' id='line_1_22' title="bbox 168 2078 1076 2155; baseline 0.002 -17"><span class='ocrx_word' id='word_1_164' title='bbox 168 2084 281 2155; x_wconf 83' lang='lat' dir='ltr'>gebant.</span> <span class='ocrx_word' id='word_1_165' title='bbox 307 2081 427 2152; x_wconf 89' lang='lat' dir='ltr'>Jamque</span> <span class='ocrx_word' id='word_1_166' title='bbox 452 2079 569 2135; x_wconf 90' lang='lat' dir='ltr'>nitidior</span> <span class='ocrx_word' id='word_1_167' title='bbox 591 2078 649 2145; x_wconf 83' lang='lat' dir='ltr'>lux,</span> <span class='ocrx_word' id='word_1_168' title='bbox 674 2078 802 2136; x_wconf 87' lang='lat' dir='ltr'>discussa</span> <span class='ocrx_word' id='word_1_169' title='bbox 821 2079 953 2153; x_wconf 81' lang='lat' dir='ltr'>caligine,</span> <span class='ocrx_word' id='word_1_170' title='bbox 978 2080 1076 2140; x_wconf 85' lang='lat' dir='ltr'>aciem</span> 
     </span>
     <span class='ocr_line' id='line_1_23' title="bbox 167 2155 1075 2235; baseline 0.003 -9"><span class='ocrx_word' id='word_1_171' title='bbox 167 2170 293 2226; x_wconf 90' lang='lat' dir='ltr'>hostium</span> <span class='ocrx_word' id='word_1_172' title='bbox 316 2155 487 2235; x_wconf 82' lang='lat' dir='ltr'>ostenderat,</span> <span class='ocrx_word' id='word_1_173' title='bbox 502 2170 530 2223; x_wconf 91' lang='lat' dir='ltr'>et</span> <span class='ocrx_word' id='word_1_174' title='bbox 539 2172 561 2203; x_wconf 77' lang='lat'>³¹</span> <span class='ocrx_word' id='word_1_175' title='bbox 577 2167 754 2233; x_wconf 85' lang='lat' dir='ltr'>Macedones,</span> <span class='ocrx_word' id='word_1_176' title='bbox 770 2167 829 2224; x_wconf 90' lang='lat' dir='ltr'>sive</span> <span class='ocrx_word' id='word_1_177' title='bbox 844 2168 989 2225; x_wconf 87' lang='lat' dir='ltr'>alacritate</span> <span class='ocrx_word' id='word_1_178' title='bbox 1008 2170 1075 2229; x_wconf 89' lang='lat' dir='ltr'>sive</span> 
     </span>
     <span class='ocr_line' id='line_1_24' title="bbox 168 2252 1077 2327; baseline 0.001 -14"><span class='ocrx_word' id='word_1_179' title='bbox 168 2257 252 2313; x_wconf 82' lang='lat' dir='ltr'>taedio</span> <span class='ocrx_word' id='word_1_180' title='bbox 275 2252 502 2327; x_wconf 60' lang='lat' dir='ltr'>exspectationis</span> <span class='ocrx_word' id='word_1_181' title='bbox 524 2253 678 2325; x_wconf 82' lang='lat' dir='ltr'>ingentem,</span> <span class='ocrx_word' id='word_1_182' title='bbox 695 2255 884 2327; x_wconf 83' lang='lat' dir='ltr'>pugnantium</span> <span class='ocrx_word' id='word_1_183' title='bbox 903 2272 994 2324; x_wconf 85' lang='lat' dir='ltr'>more,</span> <span class='ocrx_word' id='word_1_184' title='bbox 1009 2259 1077 2315; x_wconf 91' lang='lat' dir='ltr'>edi-</span> 
     </span>
     <span class='ocr_line' id='line_1_25' title="bbox 169 2341 1077 2403; baseline 0.004 -3"><span class='ocrx_word' id='word_1_185' title='bbox 169 2347 235 2401; x_wconf 88' lang='lat' dir='ltr'>dere</span> <span class='ocrx_word' id='word_1_186' title='bbox 258 2346 424 2400; x_wconf 89' lang='lat' dir='ltr'>clamorem.</span> <span class='ocrx_word' id='word_1_187' title='bbox 440 2341 579 2398; x_wconf 88' lang='lat' dir='ltr'>Redditus</span> <span class='ocrx_word' id='word_1_188' title='bbox 605 2346 662 2397; x_wconf 72' lang='lat' dir='ltr'>et³²</span> <span class='ocrx_word' id='word_1_189' title='bbox 686 2360 702 2398; x_wconf 85' lang='lat' dir='ltr'>a</span> <span class='ocrx_word' id='word_1_190' title='bbox 727 2342 820 2399; x_wconf 89' lang='lat' dir='ltr'>Persis</span> <span class='ocrx_word' id='word_1_191' title='bbox 835 2360 954 2399; x_wconf 87' lang='lat' dir='ltr'>nemora</span> <span class='ocrx_word' id='word_1_192' title='bbox 965 2346 1077 2403; x_wconf 85' lang='lat' dir='ltr'>valles-</span> 
     </span>
     <span class='ocr_line' id='line_1_26' title="bbox 169 2431 1076 2507; baseline 0.006 -20"><span class='ocrx_word' id='word_1_193' title='bbox 169 2449 223 2505; x_wconf 93' lang='lat' dir='ltr'>que</span> <span class='ocrx_word' id='word_1_194' title='bbox 246 2431 471 2503; x_wconf 74' lang='lat' dir='ltr'>circumjectas⁵³</span> <span class='ocrx_word' id='word_1_195' title='bbox 487 2431 608 2487; x_wconf 88' lang='lat' dir='ltr'>terribili</span> <span class='ocrx_word' id='word_1_196' title='bbox 630 2447 700 2487; x_wconf 86' lang='lat' dir='ltr'>sono</span> <span class='ocrx_word' id='word_1_197' title='bbox 730 2431 915 2503; x_wconf 87' lang='lat' dir='ltr'>impleverat:</span> <span class='ocrx_word' id='word_1_198' title='bbox 939 2448 992 2489; x_wconf 90' lang='lat' dir='ltr'>nec</span> <span class='ocrx_word' id='word_1_199' title='bbox 1009 2434 1076 2507; x_wconf 89' lang='lat' dir='ltr'>jam</span> 
     </span>
     <span class='ocr_line' id='line_1_27' title="bbox 169 2519 1075 2595; baseline 0.006 -20"><span class='ocrx_word' id='word_1_200' title='bbox 169 2520 307 2576; x_wconf 90' lang='lat' dir='ltr'>contineri</span> <span class='ocrx_word' id='word_1_201' title='bbox 328 2519 379 2592; x_wconf 75' lang='lat'><strong>[24]</strong></span> <span class='ocrx_word' id='word_1_202' title='bbox 403 2519 569 2575; x_wconf 87' lang='lat' dir='ltr'>Macedones</span> <span class='ocrx_word' id='word_1_203' title='bbox 596 2522 727 2589; x_wconf 89' lang='lat' dir='ltr'>poterant</span> <span class='ocrx_word' id='word_1_204' title='bbox 756 2521 824 2591; x_wconf 92' lang='lat' dir='ltr'>quin</span> <span class='ocrx_word' id='word_1_205' title='bbox 848 2536 934 2575; x_wconf 87' lang='lat' dir='ltr'>eursu</span> <span class='ocrx_word' id='word_1_206' title='bbox 955 2538 1075 2595; x_wconf 85' lang='lat' dir='ltr'>quoque</span> 
     </span>
     <span class='ocr_line' id='line_1_28' title="bbox 169 2607 1074 2679; baseline 0.007 -14"><span class='ocrx_word' id='word_1_207' title='bbox 169 2609 204 2665; x_wconf 91' lang='lat' dir='ltr'>ad</span> <span class='ocrx_word' id='word_1_208' title='bbox 230 2609 340 2665; x_wconf 80' lang='lat' dir='ltr'>hostem</span> <span class='ocrx_word' id='word_1_209' title='bbox 366 2608 578 2679; x_wconf 88' lang='lat' dir='ltr'>contenderent.</span> <span class='ocrx_word' id='word_1_210' title='bbox 601 2607 700 2663; x_wconf 88' lang='lat' dir='ltr'>Melius</span> <span class='ocrx_word' id='word_1_211' title='bbox 722 2608 813 2665; x_wconf 90' lang='lat' dir='ltr'>adhuc</span> <span class='ocrx_word' id='word_1_212' title='bbox 831 2613 912 2665; x_wconf 90' lang='lat' dir='ltr'>ratus</span> <span class='ocrx_word' id='word_1_213' title='bbox 926 2610 955 2664; x_wconf 93' lang='lat' dir='ltr'>in</span> <span class='ocrx_word' id='word_1_214' title='bbox 968 2613 1074 2671; x_wconf 90' lang='lat' dir='ltr'>eodem</span> 
     </span>
     <span class='ocr_line' id='line_1_29' title="bbox 169 2696 1076 2770; baseline 0.006 -16"><span class='ocrx_word' id='word_1_215' title='bbox 169 2698 279 2754; x_wconf 91' lang='lat' dir='ltr'>tumulo</span> <span class='ocrx_word' id='word_1_216' title='bbox 303 2702 396 2753; x_wconf 89' lang='lat' dir='ltr'>castra</span> <span class='ocrx_word' id='word_1_217' title='bbox 418 2696 541 2766; x_wconf 89' lang='lat' dir='ltr'>munire,</span> <span class='ocrx_word' id='word_1_218' title='bbox 563 2713 620 2753; x_wconf 70' lang='lat' dir='ltr'>racc</span> <span class='ocrx_word' id='word_1_219' title='bbox 639 2698 777 2753; x_wconf 77' lang='lat' dir='ltr'>vallum⁵l</span> <span class='ocrx_word' id='word_1_220' title='bbox 795 2697 849 2769; x_wconf 87' lang='lat' dir='ltr'>jaci</span> <span class='ocrx_word' id='word_1_221' title='bbox 869 2698 973 2770; x_wconf 78' lang='lat' dir='ltr'>J&#39;ussit:</span> <span class='ocrx_word' id='word_1_222' title='bbox 993 2704 1076 2759; x_wconf 88' lang='lat' dir='ltr'>stre-</span> 
     </span>
     <span class='ocr_line' id='line_1_30' title="bbox 170 2823 1074 2879; baseline 0.003 -12"><span class='ocrx_word' id='word_1_223' title='bbox 170 2825 243 2878; x_wconf 83' lang='lat' dir='ltr'>debol,</span> <span class='ocrx_word' id='word_1_224' title='bbox 259 2824 351 2878; x_wconf 76' lang='lat' dir='ltr'>gardan.</span> <span class='ocrx_word' id='word_1_225' title='bbox 362 2846 388 2854; x_wconf 99' lang='lat'>-</span> <span class='ocrx_word' id='word_1_226' title='bbox 400 2830 433 2865; x_wconf 87' lang='grc'>22.</span> <span class='ocrx_word' id='word_1_227' title='bbox 448 2832 478 2864; x_wconf 70' lang='grc' dir='ltr'>ω)</span> <span class='ocrx_word' id='word_1_228' title='bbox 488 2833 593 2874; x_wconf 75' lang='lat' dir='ltr'>praeen-</span> <span class='ocrx_word' id='word_1_229' title='bbox 646 2827 672 2865; x_wconf 79' lang='lat' dir='ltr'>lo</span> <span class='ocrx_word' id='word_1_230' title='bbox 688 2823 709 2864; x_wconf 87' lang='lat' dir='ltr'>b.</span> <span class='ocrx_word' id='word_1_231' title='bbox 723 2844 750 2853; x_wconf 86' lang='lat'>-—</span> <span class='ocrx_word' id='word_1_232' title='bbox 769 2828 807 2865; x_wconf 74' lang='lat'>28:</span> <span class='ocrx_word' id='word_1_233' title='bbox 817 2823 952 2875; x_wconf 75' lang='lat' dir='ltr'>praecedere,</span> <span class='ocrx_word' id='word_1_234' title='bbox 969 2826 1074 2879; x_wconf 80' lang='lat' dir='ltr'>snppleez</span> 
     </span>
     <span class='ocr_line' id='line_1_31' title="bbox 170 2884 1074 2946; baseline -0.001 -18"><span class='ocrx_word' id='word_1_235' title='bbox 170 2888 239 2939; x_wconf 77' lang='lat' dir='ltr'>tibus,</span> <span class='ocrx_word' id='word_1_236' title='bbox 252 2899 300 2942; x_wconf 76' lang='lat' dir='ltr'>roy.</span> <span class='ocrx_word' id='word_1_237' title='bbox 313 2886 376 2928; x_wconf 84' lang='lat' dir='ltr'>Rem.</span> <span class='ocrx_word' id='word_1_238' title='bbox 400 2891 444 2929; x_wconf 79' lang='lat'><strong>194.</strong></span> <span class='ocrx_word' id='word_1_239' title='bbox 460 2890 529 2928; x_wconf 74' lang='lat' dir='ltr'>-2a.</span> <span class='ocrx_word' id='word_1_240' title='bbox 541 2896 594 2925; x_wconf 84' lang='lat' dir='ltr'>mu·</span> <span class='ocrx_word' id='word_1_241' title='bbox 647 2884 767 2927; x_wconf 67' lang='lat' dir='ltr'>emerdlul.</span> <span class='ocrx_word' id='word_1_242' title='bbox 780 2906 807 2917; x_wconf 89' lang='lat'>—</span> <span class='ocrx_word' id='word_1_243' title='bbox 816 2891 848 2928; x_wconf 80' lang='grc'>29.</span> <span class='ocrx_word' id='word_1_244' title='bbox 857 2884 1008 2939; x_wconf 77' lang='lat' dir='ltr'>pbclartqem,</span> <span class='ocrx_word' id='word_1_245' title='bbox 1022 2900 1074 2946; x_wconf 58' lang='grc' dir='ltr'>νος,</span> 
     </span>
     <span class='ocr_line' id='line_1_32' title="bbox 170 2945 1074 3005; baseline 0.004 -16"><span class='ocrx_word' id='word_1_246' title='bbox 170 2950 230 2992; x_wconf 80' lang='lat' dir='ltr'>nire.</span> <span class='ocrx_word' id='word_1_247' title='bbox 243 2950 299 3005; x_wconf 71' lang='lat' dir='ltr'>Voy.</span> <span class='ocrx_word' id='word_1_248' title='bbox 309 2949 370 2992; x_wconf 76' lang='lat' dir='ltr'>Dict.</span> <span class='ocrx_word' id='word_1_249' title='bbox 379 2946 439 2990; x_wconf 70' lang='lat' dir='ltr'>litet.</span> <span class='ocrx_word' id='word_1_250' title='bbox 453 2950 499 2989; x_wconf 87' lang='lat' dir='ltr'>mot</span> <span class='ocrx_word' id='word_1_251' title='bbox 506 2951 591 2988; x_wconf 81' lang='lat' dir='ltr'>castro.</span> <span class='ocrx_word' id='word_1_252' title='bbox 646 2946 706 2989; x_wconf 77' lang='lat' dir='ltr'>Diot.</span> <span class='ocrx_word' id='word_1_253' title='bbox 716 2945 775 2991; x_wconf 77' lang='lat' dir='ltr'>Hiet.</span> <span class='ocrx_word' id='word_1_254' title='bbox 784 2953 849 2989; x_wconf 85' lang='lat'>-30.</span> <span class='ocrx_word' id='word_1_255' title='bbox 862 2951 938 2999; x_wconf 84' lang='lat' dir='ltr'>antec,</span> <span class='ocrx_word' id='word_1_256' title='bbox 949 2948 975 2989; x_wconf 83' lang='lat' dir='ltr'>cl.</span> <span class='ocrx_word' id='word_1_257' title='bbox 988 2950 1027 3000; x_wconf 89' lang='lat' dir='ltr'>IV,</span> <span class='ocrx_word' id='word_1_258' title='bbox 1034 2963 1074 3003; x_wconf 73' lang='grc' dir='ltr'>ιιι,</span> 
     </span>
     <span class='ocr_line' id='line_1_33' title="bbox 174 3009 1073 3065; baseline -0.001 -11"><span class='ocrx_word' id='word_1_259' title='bbox 174 3032 196 3040; x_wconf 93' lang='lat'><em>-</em></span> <span class='ocrx_word' id='word_1_260' title='bbox 206 3016 239 3054; x_wconf 72' lang='grc'>22.</span> <span class='ocrx_word' id='word_1_261' title='bbox 252 3012 407 3065; x_wconf 66' lang='grc' dir='ltr'>ἀοὶοαὶε,νογ.</span> <span class='ocrx_word' id='word_1_262' title='bbox 417 3009 478 3051; x_wconf 82' lang='lat' dir='ltr'>llam.</span> <span class='ocrx_word' id='word_1_263' title='bbox 493 3014 555 3051; x_wconf 75' lang='lat' dir='ltr'>illc.</span> <span class='ocrx_word' id='word_1_264' title='bbox 566 3030 593 3037; x_wconf 91' lang='lat'>-—</span> <span class='ocrx_word' id='word_1_265' title='bbox 648 3014 667 3051; x_wconf 80' lang='grc'>3.</span> <span class='ocrx_word' id='word_1_266' title='bbox 679 3030 706 3041; x_wconf 85' lang='grc'>-</span> <span class='ocrx_word' id='word_1_267' title='bbox 720 3014 752 3051; x_wconf 73' lang='lat' dir='ltr'>al.</span> <span class='ocrx_word' id='word_1_268' title='bbox 761 3010 881 3063; x_wconf 78' lang='lat' dir='ltr'>jamque...</span> <span class='ocrx_word' id='word_1_269' title='bbox 898 3013 925 3058; x_wconf 86' lang='lat' dir='ltr'>et,</span> <span class='ocrx_word' id='word_1_270' title='bbox 938 3020 986 3063; x_wconf 82' lang='lat' dir='ltr'>roy.</span> <span class='ocrx_word' id='word_1_271' title='bbox 1006 3012 1073 3057; x_wconf 69' lang='lat' dir='ltr'>Rern.</span> 
     </span>
     <span class='ocr_line' id='line_1_34' title="bbox 169 3070 1075 3127; baseline -0.008 -15"><span class='ocrx_word' id='word_1_272' title='bbox 169 3076 205 3113; x_wconf 76' lang='lat'>25.</span> <span class='ocrx_word' id='word_1_273' title='bbox 218 3073 336 3125; x_wconf 64' lang='lat' dir='ltr'>rampart,</span> <span class='ocrx_word' id='word_1_274' title='bbox 356 3084 404 3127; x_wconf 70' lang='lat' dir='ltr'>roy.</span> <span class='ocrx_word' id='word_1_275' title='bbox 416 3072 478 3114; x_wconf 77' lang='lat' dir='ltr'>nem.</span> <span class='ocrx_word' id='word_1_276' title='bbox 496 3076 521 3113; x_wconf 78' lang='lat' dir='ltr'>aa</span> <span class='ocrx_word' id='word_1_277' title='bbox 533 3081 553 3111; x_wconf 78' lang='lat' dir='ltr'>c.</span> <span class='ocrx_word' id='word_1_278' title='bbox 566 3091 593 3099; x_wconf 87' lang='lat'><em>-</em></span> <span class='ocrx_word' id='word_1_279' title='bbox 649 3076 692 3113; x_wconf 80' lang='lat'>151.</span> <span class='ocrx_word' id='word_1_280' title='bbox 705 3088 733 3101; x_wconf 81' lang='lat'>·-</span> <span class='ocrx_word' id='word_1_281' title='bbox 744 3076 776 3113; x_wconf 75' lang='lat' dir='ltr'>aa.</span> <span class='ocrx_word' id='word_1_282' title='bbox 792 3073 819 3125; x_wconf 68' lang='lat' dir='ltr'>a,</span> <span class='ocrx_word' id='word_1_283' title='bbox 832 3080 880 3123; x_wconf 72' lang='lat' dir='ltr'>voy.</span> <span class='ocrx_word' id='word_1_284' title='bbox 899 3070 962 3110; x_wconf 73' lang='lat' dir='ltr'>nem.</span> <span class='ocrx_word' id='word_1_285' title='bbox 980 3077 1027 3115; x_wconf 63' lang='grc' dir='ltr'>ιω.</span> <span class='ocrx_word' id='word_1_286' title='bbox 1047 3098 1075 3105; x_wconf 83' lang='lat'><em>-</em></span> 
     </span>
    </p>
   </div>
   <div class='ocr_carea' id='block_1_3' title="bbox 107 3130 1073 3254">
    <p class='ocr_par' dir='ltr' id='par_1_4' title="bbox 107 3130 1073 3254">
     <span class='ocr_line' id='line_1_35' title="bbox 107 3130 1073 3189; baseline -0.003 -14"><span class='ocrx_word' id='word_1_287' title='bbox 107 3184 110 3188; x_wconf 23' lang='grc'>1</span> <span class='ocrx_word' id='word_1_288' title='bbox 171 3137 205 3175; x_wconf 76' lang='lat' dir='ltr'>ab.</span> <span class='ocrx_word' id='word_1_289' title='bbox 219 3134 268 3176; x_wconf 77' lang='lat' dir='ltr'>nial</span> <span class='ocrx_word' id='word_1_290' title='bbox 282 3136 362 3189; x_wconf 69' lang='lat' dir='ltr'>ciaon,</span> <span class='ocrx_word' id='word_1_291' title='bbox 380 3146 428 3189; x_wconf 72' lang='lat' dir='ltr'>roy.</span> <span class='ocrx_word' id='word_1_292' title='bbox 442 3132 506 3175; x_wconf 81' lang='lat' dir='ltr'>Rem.</span> <span class='ocrx_word' id='word_1_293' title='bbox 523 3136 550 3175; x_wconf 76' lang='lat' dir='ltr'>lo</span> <span class='ocrx_word' id='word_1_294' title='bbox 572 3134 594 3173; x_wconf 86' lang='lat' dir='ltr'>et</span> <span class='ocrx_word' id='word_1_295' title='bbox 648 3138 680 3175; x_wconf 80' lang='grc'>32.</span> <span class='ocrx_word' id='word_1_296' title='bbox 692 3131 861 3185; x_wconf 51' lang='lat' dir='ltr'>¹circumjectas,</span> <span class='ocrx_word' id='word_1_297' title='bbox 872 3141 920 3184; x_wconf 82' lang='lat' dir='ltr'>roy.</span> <span class='ocrx_word' id='word_1_298' title='bbox 933 3130 993 3173; x_wconf 81' lang='lat' dir='ltr'>Rem.</span> <span class='ocrx_word' id='word_1_299' title='bbox 1009 3142 1035 3178; x_wconf 82' lang='lat'>28</span> <span class='ocrx_word' id='word_1_300' title='bbox 1052 3138 1073 3179; x_wconf 77' lang='lat' dir='ltr'>b,</span> 
     </span>
     <span class='ocr_line' id='line_1_36' title="bbox 172 3190 1021 3254; baseline -0.001 -17"><span class='ocrx_word' id='word_1_301' title='bbox 172 3199 211 3237; x_wconf 78' lang='grc'>202</span> <span class='ocrx_word' id='word_1_302' title='bbox 223 3206 244 3237; x_wconf 88' lang='lat' dir='ltr'>c.</span> <span class='ocrx_word' id='word_1_303' title='bbox 255 3218 282 3227; x_wconf 91' lang='lat'>-</span> <span class='ocrx_word' id='word_1_304' title='bbox 291 3202 324 3240; x_wconf 79' lang='grc'>27,</span> <span class='ocrx_word' id='word_1_305' title='bbox 338 3196 442 3254; x_wconf 62' lang='lat' dir='ltr'>muium,</span> <span class='ocrx_word' id='word_1_306' title='bbox 458 3206 506 3243; x_wconf 72' lang='lat' dir='ltr'>vos.</span> <span class='ocrx_word' id='word_1_307' title='bbox 528 3193 582 3238; x_wconf 76' lang='lat' dir='ltr'>Rern</span> <span class='ocrx_word' id='word_1_308' title='bbox 647 3214 673 3223; x_wconf 85' lang='lat'><em>-</em></span> <span class='ocrx_word' id='word_1_309' title='bbox 682 3197 714 3235; x_wconf 77' lang='lat' dir='ltr'>tl.</span> <span class='ocrx_word' id='word_1_310' title='bbox 722 3192 818 3241; x_wconf 65' lang='lat' dir='ltr'>vaauen,</span> <span class='ocrx_word' id='word_1_311' title='bbox 830 3202 878 3247; x_wconf 75' lang='lat' dir='ltr'>roy.</span> <span class='ocrx_word' id='word_1_312' title='bbox 891 3190 950 3232; x_wconf 78' lang='lat' dir='ltr'>[Mel.</span> <span class='ocrx_word' id='word_1_313' title='bbox 960 3192 1021 3237; x_wconf 76' lang='lat' dir='ltr'>[list.</span> 
     </span>
    </p>
   </div>
   <div class='ocr_carea' id='block_1_4' title="bbox 0 0 1172 3500">
    <p class='ocr_par' dir='ltr' id='par_1_5' title="bbox 0 0 1172 3500">
     <span class='ocr_line' id='line_1_37' title="bbox 0 0 1172 3500; baseline 0 0"><span class='ocrx_word' id='word_1_314' title='bbox 0 0 1172 3500; x_wconf 95' lang='lat' dir='ltr'> </span> 
     </span>
    </p>
   </div>
  </div>
 </body>
</html>
