2317 3500
123 70 177 125 180
450 84 481 134 o.
504 83 597 130 cuum
618 84 693 128 nuri
848 67 932 152 [aur.
949 69 1033 154 330}

121 195 192 251 mini
207 197 252 252 sui
266 197 463 254 interfectores
478 202 643 270 supersunt.
662 199 829 274 Egregium,
848 203 1032 277 mehercule,

121 301 203 358 opuS,
217 290 246 343 et
257 285 332 343 inter
346 287 469 360 primae
489 288 589 362 gloriae
604 294 706 346 vestrae
719 291 937 363 numerandum,
954 311 1034 366 pos-

120 375 230 432 teritati
243 377 380 450 famaeque
393 377 523 449 tradetis,
540 378 617 435 Darii
626 396 740 452 quoque
750 381 853 447 hostis,
866 381 947 438 finito
958 388 1035 456 post
1123 385 1126 389 ’

121 470 244 522 mortem
262 467 339 524 itlius
359 469 433 537 odio,
448 468 605 540 parricidas
624 486 687 526 esse
705 486 756 526 vos
773 471 861 542 ultos
879 473 1033 531 neminem

121 555 240 626 impium
256 557 391 630 effugisse
416 561 526 614 vestras
546 575 659 615 manus.
682 558 737 631 [18]
764 559 824 615 Hoc
848 565 1030 634 perpetrato,

122 649 227 717 quanto
240 646 354 702 creditis
372 646 474 702 Persas
487 647 720 720 obsequentiores
731 651 755 685 2⁸
773 649 844 715 sore,
862 664 928 704 cum
941 650 1033 708 intei-

122 735 241 791 lexerint
253 751 303 792 vos
317 735 364 806 pia
377 735 452 792 bella
465 735 611 808 suscipere
626 739 654 792 et
669 735 750 792 Bessi
772 738 884 804 sceleri,
899 755 956 794 non
975 757 1030 797 no-

122 823 193 879 mini
205 826 228 856 ²⁸
244 841 306 892 suo,
322 823 452 880 irascit»

138 1084 234 1136 biarche
247 1097 290 1134 sur
300 1059 454 1148 l’iiyrcanie:
468 1080 621 1144 description
633 1081 665 1130 de
678 1095 707 1130 ce
718 1095 780 1145 pays
787 1096 795 1145 ;
808 1095 838 1131 sa
849 1081 1014 1133 soumission.

158 1245 207 1302 IV.
223 1244 256 1318 [1]
271 1245 391 1300 Summa
402 1241 525 1298 militum
537 1243 692 1311 alacritate,
704 1242 1033 1318 jubentium¹quocum-

124 1353 179 1410 que
191 1335 277 1390 vellet
293 1334 415 1403 duceret,
427 1333 517 1389 oratio
535 1335 648 1404 excepta
660 1336 713 1389 est.
725 1333 759 1405 [2]
770 1333 828 1390 Nec
836 1351 884 1390 rex
898 1341 1033 1393 moratus

123 1424 294 1497 impetum²z
308 1420 449 1493 tertioque
462 1438 513 1492 per
524 1420 696 1477 Parthienen
708 1420 773 1478 die³
789 1423 905 1479 adfines
917 1424 1031 1495 Hyrca-

125 1513 180 1569 niae
200 1515 336 1584 penetrat,
357 1509 473 1566 Cratero
498 1509 596 1566 relicto
625 1526 690 1565 cum
722 1511 757 1565 iis
788 1512 894 1584 copiis⁴
925 1512 1032 1582 quibus

123 1605 255 1676 praerat,
279 1604 308 1657 et
336 1616 370 1656 ea
390 1616 476 1655 manu
498 1616 584 1672 quam
612 1601 749 1672 Amyntas
773 1602 902 1670 ducebat,
924 1601 1032 1657 additis

124 1710 159 1749 uc
184 1691 326 1765 equitibus
350 1695 375 1744 et
398 1688 516 1743 totidem
541 1687 695 1761 sagittariis
707 1692 729 1759 ⁸,
757 1693 789 1744 ut
812 1689 847 1745 ab
867 1688 1033 1749 incursione

124 1782 330 1838 barbarorun1⁶
353 1778 524 1835 Parthienen
544 1781 683 1833 tueretur.
693 1778 727 1850 [3]
743 1779 890 1850 Erigyium
908 1779 1026 1849 impedi·

125 1880 227 1939 menta,
251 1869 362 1925 modico
382 1867 511 1939 praesidio
534 1868 610 1937 dato,
631 1866 780 1938 campestri
801 1865 904 1923 itinere
924 1867 1031 1925 ducere

123 1961 210 2032 jubet.
238 1960 311 2033 Ipse,
327 1974 392 2013 cum
410 1958 567 2029 phalange⁷
587 1960 616 2011 et
631 1956 760 2027 equitatu
775 1973 807 2011 cn
826 1956 917 2012 stadia
932 1973 1032 2013 emen-

126 2068 187 2116 sus,
205 2054 298 2106 castra
318 2047 346 2104 iu
365 2047 437 2101 valle
451 2062 507 2118 qna
522 2045 692 2117 Hyrcaniam
711 2046 845 2115 adeunm,
859 2048 1028 2102 communit.

126 2139 234 2194 Nemus
248 2139 258 2169 ⁹
274 2134 395 2208 praealtis
424 2133 576 2205 densisque
597 2134 746 2191 arboribus
767 2134 933 2189 umbrosum
961 2139 1028 2188 est:

127 2228 232 2299 pingue
258 2225 339 2281 vallis
361 2225 463 2290 solum,
492 2222 653 2293 rigantibus
678 2223 759 2295 aquis
780 2240 842 2294 quae
859 2240 892 2277 ex
910 2223 1032 2293 petris¹⁰

127 2316 338 2371 imminentibus
357 2316 484 2369 manant.
505 2312 538 2385 [t]
564 2312 604 2366 Ex
627 2312 696 2383 ipsis
718 2312 861 2368 radicibus
886 2310 1030 2367 montium

128 2404 249 2461 Ziobetis
267 2403 359 2461 amnis
379 2402 544 2473 effunditur,
564 2401 613 2474 qui
630 2402 686 2457 tria
707 2404 764 2459 iere
786 2402 877 2459 stadia
890 2401 919 2456 in
935 2401 1033 2476 longi-

128 2608 149 2645 et
159 2599 265 2645 traduieez
278 2613 284 2644 ε
297 2612 339 2643 nne
355 2610 399 2641 mer
411 2599 550 2641 commerciis
605 2600 698 2643 3.th
706 2601 744 2644 die
751 2599 969 2656 per,aprtsnuoiren
978 2601 1032 2645 trois

128 2665 175 2721 qui.
190 2688 214 2697 -
227 2672 260 2709 27.
275 2664 364 2719 primo,
379 2674 427 2717 roy.
442 2663 506 2704 Rem.
517 2669 550 2706 50.
603 2662 664 2716 jonrs
673 2665 843 2710 traverst.,...-
854 2671 877 2710 t.
887 2663 968 2717 copiis,
982 2677 1033 2718 pro-

128 2751 155 2759 —
173 2735 206 2773 28.
230 2726 420 2780 obsequentiores,
446 2724 496 2767 cher
521 2724 551 2766 tes
606 2724 1033 2781 bablemeutlestroupesdontQ.Curca
1069 2782 1073 2787 .

129 2795 250 2841 prcsateurs
274 2788 391 2844 classiques
414 2786 551 2829 obedientie·
576 2830 578 2843 Ι
605 2784 663 2835 purte
676 2788 714 2840 IV,
727 2802 774 2840 xm,
786 2796 811 2832 aa
822 2795 844 2831 et
853 2794 951 2835 au-t.
959 2790 1034 2845 eogit-

129 2862 173 2893 ωε,
197 2875 224 2882 -
245 2858 279 2895 29.
301 2849 550 2899 nomini,ileurnom‚
576 2853 578 2917 y
605 2850 684 2898 curiis,
701 2853 822 2906 uoy.Dict.
836 2856 932 2897 Hist-
947 2855 1035 2897 com»

129 2912 259 2955 c'est-ir-dirs
275 2914 286 2955 d
298 2914 344 2956 leur
357 2924 410 2955 raca.
606 2911 727 2962 bwrorttm,
740 2926 790 2956 sans
800 2916 865 2959 doute
874 2917 906 2958 les
918 2916 1033 2969 Tavum,

156 2973 193 3015 lv.
216 2982 232 3017 t.
249 2976 392 3029 y‘ubentium,
419 2984 507 3022 nomme,
525 2984 550 3013 en
606 2995 632 3002 —
641 2979 659 3015 7.
668 2976 793 3030 phalange,
805 2989 853 3032 roy.
864 2980 923 3021 Dict.
933 2979 994 3021 Hist.
1006 3002 1035 3013 -

130 3045 186 3085 grec,
210 3041 339 3079 astantem:
356 3037 500 3079 l'invitant'h.
526 3058 552 3066 -
607 3037 782 3090 onomaton
805 3053 837 3082 ra.
856 3064 882 3071 —
900 3049 920 3084 9.
939 3053 1033 3095 manus,

131 3105 151 3137 2.
179 3097 303 3151 impetum,
333 3098 497 3142 enthousiasme.
526 3118 552 3127 -·
607 3099 1035 3155 consencientes.-romermunt.
