2317 3500
173 180 227 236 100
874 170 974 254 [serr.
992 173 1072 256 331]

170 307 315 376 explorare
338 304 386 359 ubi
405 304 507 360 Darius
528 303 613 360 esset.
637 308 672 360 At
691 305 748 368 ilie,
770 321 834 362 cum
853 306 974 362 Mazaeus
987 306 1072 365 haud

170 395 267 467 procul
279 391 459 463 consedisset,
476 409 532 449 non
542 409 629 449 ausus
639 394 715 450 ultra
729 396 889 465 procedere,
904 395 974 452 nihil
988 397 1074 454 ahud

171 497 256 555 quam
275 479 419 539 fremitum
443 480 591 536 hominum
611 479 810 553 hinnitumque
825 498 963 554 equorum
982 499 1073 540 exau·

171 571 246 627 disse
271 569 393 625 nuntiat.
421 569 455 641 [5]
480 568 600 624 Mazaeus
632 584 755 640 quoque,
782 571 939 642 conspectis
966 574 1073 643 procul

170 657 394 734 exploratoribus
401 661 423 726 ⁴,
439 656 466 710 in
482 659 574 712 castre
589 671 619 710 se
639 656 754 728 recepit,
783 659 921 715 adventus
939 660 1075 718 hostium

171 748 298 805 nuntius.
314 747 405 820 Igitur
418 745 530 810 Darius,
546 745 638 817 quiin
661 746 822 816 patentibus
842 749 950 821 eampis
973 751 1073 808 decer·

172 854 239 894 nere
253 836 377 910 optabat,
392 833 496 889 armari
510 831 649 888 militemi
662 832 743 904 jubet
763 834 908 906 aciemque
931 837 1073 910 disponit.

207 928 240 999 [6]
256 925 287 981 tn
306 927 374 980 laevo
390 939 478 980 cornu
493 922 637 978 Bactriani
658 921 736 979 ibant
746 924 865 996 equites,
880 925 958 981 mille
972 928 1076 985 admo·

173 1018 261 1072 dum:
278 1012 362 1069 Dahae
384 1011 513 1078 totidem,
529 1014 558 1066 et
571 1010 717 1067 Arachosii
741 1011 912 1084 Susianique
934 1019 1078 1086 quattuor

171 1101 423 1172 milliaexplebaut.
433 1100 613 1157 Hoscentum
629 1099 722 1155 falcati
738 1103 1074 1173 currusssequebantur.

174 1191 322 1248 Proximus
342 1189 489 1263 quadrigis
506 1193 567 1247 erat
579 1190 684 1244 Bessus
697 1205 761 1244 cum
776 1206 827 1246 ιιιι
843 1190 968 1246 millibus
993 1195 1078 1266 equi·

172 1285 244 1349 tum,
259 1280 327 1336 item
342 1278 509 1335 Bactrianis.
525 1278 691 1349 Massageta
705 1278 814 1333 duobus
827 1277 951 1334 millibus
967 1295 1079 1351 agmen

173 1371 234 1442 ejus
254 1369 429 1424 claudebant.
448 1368 480 1440 [7]
508 1367 620 1424 Pedites
644 1367 689 1423 his
711 1369 837 1440 plurium
855 1357 985 1441 gentium
1013 1387 1079 1427 non

173 1456 326 1522 immixtos,
350 1458 400 1511 sed
423 1472 480 1511 suae
502 1455 638 1528 cujusque
653 1455 777 1513 nationis
789 1456 940 1529 junxerat⁷
963 1457 1078 1528 copias.

174 1547 276 1601 Persas
289 1542 390 1600 deinde
404 1560 469 1600 cum
482 1543 588 1600 Mardis
605 1543 812 1615 Sogdianisque
825 1545 1031 1600 Ariobarzanes
1046 1551 1082 1602 et

175 1633 361 1689 Orontobates
375 1633 522 1689 ducebant.
537 1631 570 1704 [8]
582 1630 624 1687 Illi
640 1632 766 1703 partibus
781 1631 936 1704 copiarum,
952 1647 1080 1694 summae

175 1719 291 1777 Orsines
305 1724 434 1793 praerat,
456 1722 613 1792 aseptem⁸
629 1719 723 1777 Persis
745 1721 892 1789 oriundus,
914 1721 949 1777 ad
965 1721 1080 1794 Cyrum

175 1826 296 1881 quoque,
316 1808 523 1864 nobilissimum
545 1825 654 1881 regem,
676 1808 815 1881 originem
839 1809 905 1864 sui⁹
932 1809 1079 1871 reterens.

177 1899 210 1971 [9]
225 1899 283 1953 Hos
304 1897 365 1953 alife
380 1902 490 1969 gentse,
506 1915 541 1953 ue
555 1897 639 1953 sociis
651 1897 766 1969 quidem
781 1897 850 1953 satis
874 1902 957 1961 uotae,
972 1914 1080 1971 sequo-

175 1989 288 2043 bantur.
297 1986 366 2042 Post
379 1991 489 2057 quas¹⁰‚
506 1991 553 2052 νι11
567 1984 720 2057 quadrigas
735 1986 891 2041 Phradates
908 2002 1014 2059 magno
1026 1989 1083 2047 Ca·

176 2076 302 2147 spiorum
318 2074 430 2145 agmine
446 2074 636 2129 antecedebat.
654 2072 714 2127 Indi
726 2073 868 2145 ceterique
879 2073 967 2130 Rubri
983 2079 1081 2137 maris

176 2164 286 2228 accolae,
301 2161 445 2216 nominafl
458 2160 646 2231 veriusquam
662 2162 773 2228 auxilia,
786 2165 850 2232 post
865 2179 965 2218 currus
980 2173 1080 2226 erant.

177 2250 228 2322 [10]
248 2249 437 2305 Claudebatur
447 2250 499 2302 hoc
512 2265 612 2320 agmen
637 2247 699 2304 aliis
722 2249 831 2304 falcatis
851 2251 994 2320 curribus,
1009 2256 1081 2324 quis

176 2338 358 2409 peregrinum
372 2337 491 2393 mititem
511 2337 676 2408 adjunxerat
685 2342 715 2393 ¹³.
732 2337 813 2393 lluuc
836 2339 973 2407 Armenii,
1003 2360 1080 2413 quos

493 187 523 240 Q.
546 189 636 233 CURTI
659 190 732 235 RUFI

178 2553 198 2597 le
210 2563 269 2606 camp
282 2550 333 2593 dont
345 2552 401 2593 itast
413 2552 471 2605 perid
483 2552 520 2605 IV,
534 2565 554 2607 x,
566 2557 598 2595 15.

178 2639 203 2647 -
219 2620 239 2659 h.
259 2614 455 2667 reparatoribus,
473 2627 520 2668 roy.
540 2615 598 2656 Dici.

652 2551 774 2605 qrrcrehcrl.
783 2572 810 2583 -
822 2558 841 2595 8.
856 2557 950 2605 scptem,
959 2566 1008 2608 noy.
1016 2557 1081 2604 Dict.

653 2612 709 2653 ittet.
720 2625 746 2655 au
756 2618 799 2654 root
808 2616 890 2655 Pcrsae.
902 2638 926 2643 —
934 2621 953 2657 9.
965 2617 1012 2665 sut.
1027 2630 1079 2675 vop.

179 2678 237 2720 hiat.
249 2697 277 2706 —
295 2682 315 2718 5.
334 2676 442 2719 militem.
459 2676 515 2730 Voy.
537 2676 599 2717 Rern.

179 2747 204 2784 ho
213 2741 234 2782 b.
245 2762 272 2770 -
285 2745 305 2783 d.
318 2738 399 2789 [stetui
408 2750 502 2790 curras,
520 2737 547 2779 ci.
560 2736 598 2788 IV,

179 2816 207 2850 rx.
217 2806 259 2845 hd.
271 2825 296 2835 -
314 2805 334 2843 7.
349 2801 474 2855 juncera,
493 2801 599 2841 sous-ent.

179 2865 303 2915 ducc5cette
315 2861 390 2915 phrase
399 2861 450 2904 edre
464 2872 493 2903 ιιιι
511 2860 601 2912 change-

179 2929 238 2968 ment
248 2925 274 2968 de
286 2923 428 2966 mastructiou
447 2923 491 2965 trts
502 2920 570 2970 hardi,
585 2919 600 2961 il

180 2986 225 3029 taut
235 2986 328 3029 traduire
343 2996 424 3027 comme
438 2984 473 3027 s’il
491 2981 574 3037 parsit
592 2993 599 3023 z

175 3048 291 3101 jonae-cr
297 3048 334 3091 hia
342 3048 429 3101 pedites
432 3045 541 3101 plurium
545 3055 599 3098 gen·

180 3108 241 3150 tium
251 3121 301 3151 non
314 3110 447 3161 immisces,
457 3107 498 3151 sed
509 3106 552 3160 [ita
566 3104 599 3159 ιιι]

182 3180 229 3211 sua
241 3172 338 3225 quiaque
347 3173 453 3214 nationis
464 3170 544 3223 copias
555 3172 599 3218 [ae-

653 2674 713 2717 Rcm.
721 2681 753 2718 ιι.
761 2697 786 2705 -
796 2682 827 2717 ιιι,
833 2680 886 2727 post
895 2688 960 2728 quas,
968 2688 1079 2725 sous-ent.

652 2740 734 2789 pentes.
747 2758 774 2765 —
787 2742 816 2778 ιι.
831 2736 1010 2791 quinquaginta,
1023 2752 1081 2784 con-

652 2795 741 2838 struisez
753 2807 833 2838 comme
843 2796 876 2838 s'il
890 2808 903 2849 y
917 2797 975 2840 avait
990 2804 1084 2853 :quin-

651 2859 763 2914 quaqinta
781 2859 900 2913 quadrigae
920 2862 1085 2913 sequebamur

652 2928 808 2974 quoe...—ta.
820 2921 964 2973 cruminans
979 2923 1085 2972 tsisaieut

653 2983 738 3026 nombre
752 2994 802 3025 sans
820 2981 902 3035 ajouter
914 2985 927 3026 a
941 2984 961 3026 ia
980 2986 1038 3030 force
1053 2990 1085 3033 de

651 3045 769 3087 Parmae-—
779 3044 1085 3105 tapcrcqrinummilitem,

653 3107 685 3149 les
695 3103 834 3149 morcenaircs
841 3116 902 3157 grecs
909 3118 914 3147 :
922 3107 1086 3167 adjunccrat,

652 3166 751 3223 suppliez
768 3166 827 3217 duca.
845 3176 926 3210 comme
941 3180 967 3211 au
985 3172 998 3223 5
1017 3178 1038 3215 7.
1053 3198 1086 3211 .-
