2317 3500
177 165 212 218 78
308 233 315 244 ,
499 175 528 228 Q.
550 171 642 216 cunm
666 171 738 214 nuri
832 207 835 211 .
913 153 1073 233 [traaas]

175 284 283 346 neoris
297 285 411 356 quidem
430 287 524 342 colore
547 288 667 354 mutato,
693 283 832 354 supprimi
856 283 1026 354 sauguinem
1046 287 1075 338 et

173 375 277 429 vulnus
292 373 413 445 obligari
424 374 519 446 jussit.
536 373 590 447 [19]
607 373 661 427 Diu
678 376 743 428 ante
763 373 825 444 ipsa
843 371 936 444 signa,
952 371 997 426 vol
1015 371 1075 426 dis-

174 462 308 518 simulato
331 463 376 517 vel
396 463 470 519 victo
492 463 600 532 dolore,
616 461 790 534 perstiterat,
814 477 878 516 cum
902 477 1093 544 suppressus·

173 552 258 620 paulo
278 556 344 606 ante
359 551 477 623 sanguis
491 552 697 607 medicamento
707 556 741 617 ¹¹,
757 568 813 623 quo
829 553 957 606 retentus
965 555 988 588 ²⁸
1001 553 1073 618 erat,

174 656 290 695 manare
302 639 411 711 largius
423 639 517 711 coepit,
531 644 559 694 et
578 641 694 706 vulnnS,
712 641 789 711 quod
802 637 902 710 tepens
918 639 1010 694 adhue
1023 638 1075 694 do-

172 730 263 784 lorem
273 746 331 785 non
338 734 477 794 moverat,
487 729 609 801 frigente
622 724 771 802 sanguine,
786 729 932 785 intumuit.
946 727 998 802 [20]
1011 728 1076 783 Lin-

173 818 221 888 qui
245 818 347 875 deinde
368 818 493 874 animo³⁹
516 821 546 873 et
566 818 696 873 submitti
720 834 795 890 genu
825 818 939 890 coepit⁸⁰
960 838 966 871 :
988 835 1075 890 quem

173 906 294 977 proximi
309 910 455 977 exceptum
473 904 503 960 in
524 909 620 961 castra
632 910 810 977 receperunt.
834 906 898 960 Et³¹
917 905 1005 974 Betis,
1028 905 1076 960 in·
1152 975 1153 980 ἵ

173 994 320 1050 terfectum
346 997 438 1064 ratus,
464 995 565 1051 urbem
580 1010 668 1053 ovans
679 995 798 1050 victoria
815 993 929 1065 repetit.

208 1081 262 1154 [21]
284 1084 320 1137 At
338 1083 504 1149 Alexander,
526 1083 654 1138 nondum
667 1085 816 1152 percurato
833 1083 962 1152 vulnere,
983 1098 1075 1153 agge-

171 1178 264 1229 rem³’
275 1190 332 1245 quo
345 1174 481 1230 moenium
490 1173 672 1229 altitudinem
682 1176 808 1244 aequaret
822 1173 970 1244 exstruxit,
980 1173 1076 1242 pluri-

172 1262 281 1334 busque
294 1262 432 1318 cuniculis
446 1277 545 1317 muros
567 1261 667 1316 subrui
684 1261 780 1334 jussit.
803 1261 854 1334 [22]
877 1261 1014 1333 Oppidani
1037 1265 1075 1318 ad

172 1350 324 1420 pristinum
346 1350 494 1422 fastigium
508 1350 646 1404 moenium
665 1365 770 1405 novum
794 1353 958 1406 exstruxere
977 1351 1075 1406 muni-

172 1442 310 1507 mentum,
325 1439 420 1498 sedne
434 1438 463 1493 id
477 1437 592 1509 quidem
604 1441 699 1494 turres
714 1438 812 1510 aggeri
828 1438 976 1510 impositas
991 1441 1076 1509 pote-

172 1530 217 1581 rat
229 1543 352 1598 aequare.
376 1525 474 1598 ltaque
499 1527 637 1582 interiora
655 1543 769 1598 quoque
788 1527 868 1582 urbis
888 1526 992 1582 intesta
1006 1528 1074 1585 telis

171 1619 262 1668 erant.
277 1614 330 1687 [23]
355 1615 462 1670 Ultima
480 1617 570 1685 pestis
586 1614 664 1670 urbis
689 1613 743 1670 tuit
758 1615 888 1670 cuniculo
903 1616 1041 1671 subrutus
1049 1622 1074 1654 ³³

171 1719 282 1773 murus,
299 1720 349 1775 per
361 1705 442 1777 cujus
457 1705 556 1761 ruinas
568 1704 660 1761 hostis
673 1705 800 1761 intravit.
811 1703 936 1761 Ducebat
947 1703 1007 1776 ipse
1022 1720 1074 1764 rex

172 1791 374 1864 antesignanos
383 1797 417 1863 ³⁴,
431 1795 470 1862 et,
486 1792 554 1846 dum
575 1791 716 1847 incautius
741 1791 827 1859 subit,
850 1808 918 1847 saxo
931 1807 997 1847 crus
1010 1791 1074 1863 ejus

171 1878 325 1951 adfligitur.
341 1880 392 1953 [tt]
409 1879 525 1935 Innixus
539 1884 635 1936 tamen
652 1880 720 1947 telo,
738 1880 865 1935 nondum
887 1878 991 1947 prioris
1009 1882 1074 1935 vul-

172 1968 249 2023 neris
264 1968 386 2024 obducta
399 1968 539 2039 cicatrice,
555 1969 630 2024 inter
646 1968 786 2039 primores
801 1967 926 2034 dimicat,
943 1967 987 2023 ira
1001 1984 1076 2039 quo-

171 2072 227 2125 que
241 2072 387 2124 accensus,
403 2056 480 2128 quod
497 2056 553 2111 duo
568 2056 599 2110 in
619 2055 765 2111 obsidione
780 2053 860 2109 urbis
875 2055 938 2127 ejus
953 2057 1074 2115 vulnera

172 2145 325 2213 acceperat.
337 2140 390 2214 [25]
403 2142 505 2212 Betim,
517 2142 634 2214 egregia
648 2142 723 2197 edita
736 2158 832 2215 pugna
847 2142 1003 2215 multisque
1012 2146 1074 2201 vul-

173 2230 289 2285 neribus
303 2230 473 2299 oontectum,
489 2229 678 2285 deseruerunt
692 2229 756 2285 sui:
777 2246 830 2285 neo
842 2233 938 2285 tamen
954 2232 1073 2303 segnius

172 2319 300 2389 proelium
326 2319 500 2389 capessebat,
525 2318 669 2373 lubricis⁵l
689 2318 776 2374 armis
791 2336 843 2375 suo
865 2318 972 2390 pariter
986 2324 1074 2393 atque

171 2405 298 2461 hostium
313 2406 462 2477 sanguine.
478 2406 529 2478 [26]
542 2406 600 2461 Sed
615 2423 679 2462 curn
695 2405 821 2479 undique
835 2406 900 2462 telis
911 2412 1074 2480 peteretur,

170 2492 210 2548 cd
227 2498 410 2565 postrenum
431 2491 583 2551 eaelmustis
603 2493 715 2550 viribus
736 2494 819 2551 vivos
846 2493 880 2551 in
902 2501 1074 2569 potestatem

170 2715 202 2751 27.
227 2718 392 2760 suppressus...
415 2708 591 2761 medicamento,
647 2714 680 2754 29.
697 2710 774 2763 linqui
787 2712 874 2763 altimo,
887 2722 935 2765 voy.
948 2709 1012 2753 Hem.
1029 2720 1079 2757 105.

169 2769 238 2813 arreti
248 2780 285 2824 par
298 2769 318 2811 la
329 2774 460 2823 pansement.
472 2792 499 2802 -·
509 2776 543 2813 2⁸.
556 2783 594 2811 rc·
647 2794 673 2803 -
687 2778 720 2815 so.
738 2774 813 2826 acepit,
832 2784 880 2827 roy.
901 2773 965 2816 Rem.
987 2780 1034 2819 rto.
1047 2798 1082 2811 .-

169 2836 253 2883 moue,
262 2835 306 2873 mot
317 2830 354 2886 qui
366 2830 444 2873 semble
457 2830 508 2872 taire
517 2831 592 2873 double
647 2838 680 2877 31.
697 2838 724 2884 et,
740 2846 788 2889 roy.
800 2835 862 2877 Rem.
878 2840 921 2876 ¹51.
938 2856 965 2863 -
983 2840 1016 2877 32.
1039 2848 1083 2891 aq-

169 2893 247 2947 emploi
270 2906 320 2936 aveo
336 2905 492 2947 supponerem
516 2905 592 2947 ceper·
647 2906 730 2948 perenn,
740 2908 788 2950 roy.
803 2897 861 2939 Dici.
873 2895 933 2937 Hist.
942 2902 1011 2940 nst.
1020 2900 1085 2941 sub-

170 2956 221 2997 dant
231 2955 272 3009 ily
288 2968 300 2997 a
317 2967 358 2997 une
370 2966 449 2997 nuance
463 2958 522 2996 entre
533 2966 572 2995 oux
586 2966 591 2997 :
647 2960 723 3009 rutae,
740 2968 789 3011 roy.
803 2957 867 2999 Rem.
884 2963 928 2999 118.
946 2980 972 2987 -
985 2962 1019 2999 st.
1034 2970 1086 3001 an-

168 3022 269 3059 notentur
285 3015 372 3070 indique
389 3016 420 3057 les
437 3016 592 3069 moyeusoxtt-
647 3017 788 3072 tesiqnanon,
814 3030 862 3072 roy.
886 3018 945 3061 Diei.
963 3018 1026 3063 Hist.
1054 3044 1083 3054 -

170 3074 590 3132 rieursemploqespourarrttsrlesang,
647 3084 679 3123 ³5.
702 3080 807 3132 lubricis,
835 3079 909 3123 ablatil
929 3080 999 3134 bardi,
1024 3093 1072 3136 pou

169 3141 190 3181 ct
201 3147 342 3193 qappreseus
351 3152 376 3184 en
388 3138 475 3196 indique
487 3137 591 3183 l’eilst·
646 3142 753 3196 qumnois
763 3141 999 3199 lubricamentum.
1009 3142 1084 3193 non.
