2317 3500
106 166 222 248 [parur.
240 168 313 250 3251
474 185 567 228 urana
590 185 632 228 rx.
943 173 998 228 361

106 301 146 356 ris
165 305 291 357 custos²⁶
315 301 601 374 promptissimusque
626 302 791 371 bellatorfl,
816 305 845 357 et
868 301 944 372 pacis
957 318 1004 358 ar·

106 391 183 447 tibus
207 407 292 462 quam
311 389 419 444 militiae
448 391 540 464 major
559 394 587 447 et
604 390 718 470 clarior,
739 390 850 445 modico
869 390 1001 462 civilique

104 481 222 549 currus,
236 478 361 534 liberalis
382 479 410 533 in
426 479 525 549 primis
542 480 678 551 adituque
693 478 778 547 facili,
792 479 863 533 nihil
881 497 914 536 ex
925 480 1000 535 fastu

104 567 191 640 regiae
214 570 417 637 assumpserat.
438 564 553 639 [ithb
578 569 648 636 haec,
676 567 737 639 regi
763 584 799 622 an
818 568 1001 639 popularibus

103 654 196 710 carior
210 657 295 721 esset,
313 655 436 710 dubitari
451 656 562 726 poterat
578 677 584 709 :
602 659 662 711 tum
676 660 751 712 certe
765 654 890 726 primum
902 671 1002 727 exper-

104 746 152 798 tus
170 759 288 798 suorum
304 743 425 814 animos,
442 745 511 800 adeo
536 748 569 800 ut
587 745 742 811 fortunam,
757 744 785 798 in
801 760 886 814 quam
903 746 1002 813 postea

103 831 269 899 ascendit⁹⁹,
284 831 312 886 in
336 831 385 887 illo
406 831 532 904 periculo
553 833 719 888 Macedones
737 831 857 887 ominati
875 845 939 886 esso
959 830 1002 886 vi-

103 919 233 974 deantur.
256 919 307 991 [25]
326 918 434 990 Quippe
450 936 507 974 non
521 919 611 975 levior
625 919 682 975 illis
699 917 845 975 Ptolemaei
866 918 920 974 suit
933 934 1002 973 cura

104 1025 188 1080 quam
204 1007 289 1080 regis.
303 1007 368 1078 Qui,
381 1012 409 1063 et
424 1008 522 1079 proelio
533 1011 561 1064 et
572 1007 762 1065 sollicitudine
774 1007 920 1079 fatigatos,
935 1023 1001 1061 cum

103 1097 258 1154 Ptolemaeo
281 1097 429 1166 assideret,
450 1097 555 1152 lectum
574 1097 604 1152 in
624 1113 680 1170 quo
695 1097 785 1168 ipse³⁰
807 1096 1001 1168 adquiesceret

100 1185 187 1258 jussit
200 1185 309 1242 inlerri.

138 1275 189 1350 [26]
211 1274 243 1332 ln
254 1293 338 1350 quem
358 1280 391 1332 ut
412 1293 443 1334 se
457 1275 572 1348 recepit,
598 1276 729 1349 protinus
751 1278 836 1334 altior
854 1276 1000 1332 insecutus

102 1369 146 1420 est
168 1381 294 1422 somnus.
318 1367 432 1439 Exque
456 1365 603 1437 excitatus,
628 1382 679 1436 per
701 1366 827 1437 quietem
847 1364 953 1421 vidisse
969 1381 1000 1420 se

103 1454 217 1525 exponit
229 1455 351 1526 speeiem
375 1455 506 1511 draconis
520 1455 656 1524 oblatam,
671 1455 789 1510 herbam
804 1454 924 1510 serentis
939 1470 998 1522 ore,

102 1559 188 1614 quam
201 1543 303 1598 veneni
319 1543 475 1598 remedium
490 1559 551 1598 esse
565 1547 770 1612 monstrassem
789 1545 913 1600 colorem
928 1560 1001 1616 quo·

103 1647 158 1703 que
180 1630 274 1687 herbae
305 1631 454 1698 referebat,
479 1630 654 1702 agniturum,
679 1630 704 1685 si
728 1632 792 1701 quis
815 1634 997 1706 repperisset,

103 1718 265 1775 adfirmans.
282 1717 332 1791 [27]
345 1705 601 1775 luventamdeinde
610 1717 756 1790 —quippe
771 1721 899 1776 amultis
913 1723 998 1781 simul

102 1812 164 1864 erat
188 1807 326 1879 requisita
341 1838 377 1847 -
396 1806 506 1862 vulneri
525 1805 677 1876 imposuit3
693 1807 879 1878 protinusque
902 1810 997 1868 dolore

101 1898 191 1967 finito,
206 1896 283 1952 intra
305 1897 389 1952 breve
404 1895 527 1967 spatium
550 1894 664 1949 cicatrix
676 1911 789 1966 qnoque
802 1897 924 1953 obducta
944 1903 996 1954 est.

103 1986 154 2058 [28]
173 1986 313 2041 Barbaros
324 1980 367 2040 'ut
388 1985 479 2056 prima
498 1999 561 2055 spes
580 1981 728 2053 fefellerat,
743 2000 774 2040 se
794 1984 871 2056 ipsos
886 1986 996 2041 urbem-

103 2090 157 2146 que
172 2072 351 2129 dediderunt.

138 2162 211 2216 Hinc
233 2160 263 2217 in
284 2161 441 2233 proximam
460 2164 574 2233 gentem
596 2160 734 2217 Pataliam
753 2164 921 2232 perventum
941 2168 994 2219 est.

102 2252 158 2307 Rex
174 2254 235 2307 erat
249 2250 353 2320 Moeris,
363 2251 421 2323 qui,
431 2250 500 2306 urbe
516 2251 637 2318 deserta,
649 2249 678 2304 in
692 2253 804 2305 montes
820 2250 994 2323 profugerat.

102 2340 151 2411 [29]
167 2338 264 2410 ltaque
276 2340 431 2396 Alexander
441 2338 542 2411 oppido
557 2338 666 2409 potitur
678 2354 818 2411 agrosque
832 2342 994 2411 populatur.

103 2428 211 2499 Magnae
235 2428 301 2483 inde
323 2428 423 2499 praedae
430 2433 452 2465 ⁵¹
467 2431 536 2483 acta
559 2431 627 2483 sunt
640 2442 773 2497 pecorum
787 2433 994 2485 armentorum·

102 2531 166 2587 que,
182 2530 285 2586 magna
306 2516 349 2571 vis
370 2519 482 2587 reperta
504 2514 650 2570 frumenti.
674 2514 726 2587 [30]
748 2516 872 2573 Ducibus
895 2517 995 2576 deinde

102 2601 223 2673 sumptis
235 2603 326 2658 amnis
335 2610 336 2615 ’
346 2602 455 2673 peritis,
471 2601 587 2659 delluxit
600 2602 636 2657 ad
649 2601 782 2672 insulam,
798 2606 892 2661 medio
907 2607 994 2663 terme

102 2678 180 2747 alveo
193 2692 343 2745 enatom³².

102 2919 146 2955 211.
159 2935 186 2945 —
205 2918 238 2956 26.
251 2915 356 2965 corpora
374 2916 456 2961 eustos,
471 2922 519 2964 roy.
547 2912 550 2925 ⁴
574 2910 606 2954 roi
620 2900 736 2964 d'ssgyptm
751 2921 799 2963 roy.
812 2910 872 2953 Diei.
888 2911 948 2953 Hier.
966 2936 994 2945 -

102 2974 157 3017 Diot.
170 2976 229 3017 Hier.
242 2998 269 3005 -
282 2979 315 3018 27.
336 2972 437 3023 1111111111,
453 2972 520 3026 potti-
574 2979 607 3017 ao.
618 2972 676 3027 ipse,
692 2970 817 3022 Alexandro,
828 2973 929 3025 oppoedl
943 2974 995 3017 Pto-

103 3047 148 3089 que.
165 3060 191 3068 -
203 3043 236 3081 as.
245 3036 338 3079 modico
350 3035 459 3089 civilique
471 3035 521 3078 eol·
572 3036 644 3080 remeo.
669 3058 695 3065 -
714 3039 746 3077 tl.
762 3035 854 3087 prede,
869 3046 916 3089 roy.
929 3037 992 3081 Rem.

103 3098 258 3148 substitutos
275 3098 363 3154 simplos
375 3102 396 3140 et
406 3097 518 3141 modestes.
572 3106 606 3144 11.
627 3122 653 3131 -
667 3102 701 3141 ³2.
713 3100 805 3139 onmem
823 3108 849 3139 ne
862 3108 885 3140 se
899 3097 931 3141 dit
944 3098 993 3142 bion

102 3180 128 3191 -
141 3165 174 3205 2⁹.
186 3162 297 3217 amit,
306 3161 323 3206 il
332 3161 406 3207 derint
417 3161 465 3217 plus
472 3162 519 3205 tund
572 3174 614 3216 que
624 3161 662 3204 des
669 3158 742 3202 erbree
753 3161 775 3203 et
785 3158 822 3203 dos
833 3158 922 3215 plantes.
