2317 3500
96 224 298 309 [mu-rmus.
318 221 387 306 330]
463 240 558 284 nisan
578 240 609 282 v.
929 228 979 282 151

96 360 160 414 dem
175 356 270 414 rediit.
292 357 372 412 Dona
383 353 482 410 deinde
496 353 594 411 amieis
608 363 765 426 ceterisque
779 368 830 426 pro
845 370 983 428 cujusque

97 447 197 503 merito
211 445 308 501 dedit:
321 444 525 516 propemodum
538 443 644 514 omnia,
659 459 722 516 qnae
734 443 763 499 in
777 460 810 499 ea
824 445 893 500 urbe
907 459 984 514 cepe·

97 540 153 606 rat,
169 533 328 590 distributa.

161 781 277 832 lucendio
293 780 324 829 de
337 778 484 843 Persepolis.
496 779 593 828 biarche
604 793 660 828 vers
671 777 695 826 le
706 777 777 841 nord,
792 792 823 826 en
838 777 925 827 lledie.

137 914 197 969 Vll.
220 913 256 987 [l]
266 912 647 986 Ceterum¹ingentiaanimi
658 910 761 984 bona¹‚
776 913 855 968 1llam
866 912 989 968 indolem

103 1020 160 1076 qua
171 1018 267 1058 omnes
278 1019 360 1075 reges
374 1001 534 1068 antecessit,
549 1002 629 1058 illam
645 1001 675 1056 in
689 1001 843 1057 subeundis
857 1001 990 1073 perieulis

102 1090 303 1159 constantiam,
327 1091 356 1145 in
376 1091 463 1146 rebus
483 1089 633 1146 moliendis
658 1088 866 1162 efficiendisque
888 1090 993 1146 veloei-

103 1182 202 1248 tatem,
221 1177 251 1233 in
265 1178 375 1235 deditos
388 1177 483 1245 tidem,
507 1176 535 1232 in
554 1176 680 1248 captivos
694 1177 883 1246 elementiam,
898 1177 927 1233 in
942 1195 993 1234 vo·

104 1266 259 1341 luptatibus
277 1266 423 1339 permissis
446 1283 558 1338 quoque
579 1269 608 1322 et
628 1264 741 1322 usitatis
765 1265 991 1338 temperantiam,

106 1357 183 1412 haud
205 1354 346 1412 tolerabili
372 1354 433 1410 rini
456 1353 609 1426 eupiditate
633 1355 756 1411 foedavit.
788 1353 823 1428 [2]
853 1355 941 1411 Hoste
966 1360 994 1411 et

106 1445 208 1501 aemulo
221 1444 302 1517 regni
315 1447 464 1515 reparante
477 1460 542 1499 cum
551 1443 688 1500 manimel
698 1444 815 1514 bellum,
825 1461 916 1516 nuper
929 1444 994 1500 sub·

108 1534 178 1590 actis
197 1549 270 1606 quos
289 1533 405 1600 vicerat,
419 1529 580 1604 novumque
603 1531 752 1604 imperium
768 1533 994 1604 aspernantibus,

110 1623 144 1679 de
160 1621 224 1678 die‘
236 1620 326 1678 inibat
338 1618 466 1676 convivia
475 1619 579 1691 quibus
591 1619 720 1676 semine*
734 1619 900 1677 intererant.
912 1621 946 1692 [3]
957 1621 997 1675 Ex

110 1709 155 1767 his
166 1726 232 1779 una,
246 1708 342 1778 Thais,
357 1710 387 1764 et
397 1706 459 1779 ipsa
468 1708 632 1776 temulenta,
648 1706 800 1763 maximam
815 1709 888 1779 apud
901 1723 998 1764 ornnes

113 1798 222 1855 Graeeos
236 1797 394 1853 initurum⁸
407 1796 529 1869 gratiam
542 1796 683 1863 adfirmat,
691 1796 714 1850 si
723 1795 832 1868 regiam
846 1796 999 1851 Persarum

110 1885 241 1958 jussisset
254 1884 363 1941 incendi
377 1904 383 1938 :
398 1887 559 1955 exspectare
573 1883 627 1939 hoc
639 1898 688 1939 eos
701 1898 823 1954 quorum
838 1882 921 1938 urbes
932 1882 999 1937 bar·
1085 1865 1091 1881 '

112 1974 173 2032 bari
192 1974 342 2031 delessent.

151 2063 186 2136 [t]
203 2062 288 2119 Ebrio
303 2065 407 2125 scorto,
422 2062 457 2118 de
470 2063 593 2117 tentare
609 2057 709 2117 terenti
730 2058 910 2122 sententiam,
926 2074 1001 2114 unus

115 2156 142 2207 et
156 2153 235 2221 alter,
248 2156 276 2207 et
290 2149 343 2223 ipsi
364 2166 444 2207 mero
457 2150 577 2217 onerati,
598 2146 800 2204 assentiuntur.
821 2146 880 2203 Rex
891 2161 1002 2217 quoquc

116 2239 240 2295 avidior⁷
254 2238 308 2294 suit
319 2254 404 2310 quam
415 2237 567 2309 patientior
582 2258 588 2293 :
606 2257 619 2290 u
641 2234 717 2303 Quin
738 2236 827 2308 igitur
841 2234 1003 2291 ulciscimur

121 2327 253 2383 Graeciam
261 2332 289 2384 et
300 2328 364 2383 urbi
379 2328 452 2383 laces
465 2327 654 2384 subdimust»
665 2324 700 2399 [5]
714 2325 818 2379 Omnes
831 2322 1004 2382 incaluerant

119 2432 212 2472 mero:
224 2418 318 2489 itaque
329 2420 452 2488 surgunt
462 2413 612 2471 temulenti
625 2414 660 2469 ad
669 2413 885 2468 incendendam⁸
894 2414 1003 2483 urbam,

120 2503 166 2560 cui
179 2504 278 2560 armati
297 2507 489 2577 pepercerant.
506 2502 621 2560 Primus
633 2518 681 2557 rex
695 2499 790 2573 ignem
801 2500 886 2575 regie
900 2501 1004 2574 injecit,

148 2726 195 2770 Vll.
206 2734 224 2771 l.
237 2731 343 2777 aaaron,
355 2738 403 2781 roy.
414 2726 477 2770 fleo.
491 2730 537 2771 tlt.
591 2737 654 2777 rum,
675 2725 773 2781 suppleat
795 2724 965 2767 Atenundrcm.
984 2746 1012 2755 -

122 2812 150 2822 -
172 2797 193 2833 2.
214 2789 283 2841 toan,
299 2799 347 2843 vop.
370 2789 433 2830 Rem.
453 2793 488 2832 lc.
512 2810 539 2819 -
593 2794 613 2832 7.
625 2787 726 2839 avidior,
738 2786 788 2842 plus
796 2785 870 2829 ardent
882 2786 903 2831 (3
912 2784 958 2837 agir
969 2784 1012 2827 lui-

124 2858 145 2898 3.
162 2861 216 2895 cum
235 2850 347 2903 mucime,
367 2848 540 2892 babituellement
594 2850 669 2903 meme)
687 2860 728 2903 que
747 2848 831 2901 capable
847 2847 872 2887 de
886 2844 968 2897 (laisser
981 2845 1012 2888 les

125 2926 153 2957 on
164 2911 378 2955 dittummoctme:
392 2917 437 2953 τότε
448 2916 539 2964 μάλιστα.
595 2916 666 2953 autres
685 2908 740 2962 agir)
773 2906 901 2951 obsta-dire
920 2927 947 2935 -
969 2918 1011 2949 non

125 2997 153 3009 -
163 2981 184 3021 l.
196 2975 222 3018 de
232 2976 277 3028 die,
291 2988 317 3017 en
329 2972 386 3029 plein
395 2974 457 3029 joun
469 2986 493 3016 ee
503 2973 541 3028 qni
595 2973 712 3015 seulement
729 2969 745 3012 il
763 2968 826 3011 laissa
842 2966 901 3017 taire,
922 2965 975 3007 mais
996 2966 1012 3009 il

128 3034 178 3079 tuit
187 3035 290 3078 contraire
304 3047 344 3078 aux
357 3046 435 3085 usam
447 3035 484 3076 des
504 3046 543 3077 an·
597 3035 666 3077 donna
679 3031 785 3076 lui-mirus
799 3030 818 3071 le
830 3028 900 3081 signal
922 3026 946 3070 de
966 3028 1014 3071 l'in-

129 3099 192 3141 ciens
203 3119 230 3129 -·
241 3096 544 3150 t.feentnoe,babituellement
597 3096 678 3140 cendio.
689 3116 714 3127 -
733 3100 752 3139 3.
772 3089 948 3143 emendandam,
965 3091 1014 3133 l'in-

129 3158 179 3202 ebes
196 3158 227 3201 les
238 3158 303 3202 (ireos
317 3160 447 3203 leelemmee
460 3158 545 3202 n'aeeis-
598 3158 678 3213 cendio,
691 3155 770 3201 ellumt
790 3164 829 3208 par
847 3152 878 3209 les
898 3152 1016 3207 Persepoli-

131 3219 197 3263 taient
218 3232 256 3276 pas
270 3233 310 3264 aux
323 3234 389 3278 repas.
402 3244 428 3253 —
440 3228 460 3266 o.
474 3221 545 3264 initu
600 3220 655 3263 taius
667 3218 702 3274 (el.
715 3217 743 3271 V,
756 3228 788 3268 vr,
799 3212 967 3269 7).u’araitdone
977 3225 1015 3267 pas
1032 3236 1036 3242 ·
