2317 3500
167 226 205 282 ot
492 240 522 290 o.
545 236 635 283 cunm
659 237 730 282 auat
823 223 901 304 [arv.
918 226 1067 307 aaa-331]
1128 233 1129 236 ’

167 350 305 422 supplicia
321 349 441 426 :adjecit
449 352 585 409 invictum
598 354 668 424 lore,
680 354 769 409 donea
781 354 926 410 excederet
934 355 968 411 ad
982 355 1064 413 deos

167 439 311 497 Sacrificio
325 439 426 498 deinde
439 441 522 511 lacto,
539 443 613 499 dona
624 443 653 497 et
664 441 856 499 sacerdotibus
871 445 899 499 et
922 444 975 500 deo
997 445 1068 502 data

166 531 243 598 sunt,
270 527 496 603 permissumque
513 531 611 587 amieis
630 533 662 585 ut
680 530 734 602 ipsi
754 547 866 604 quoque
881 533 1068 591 consulerent

165 618 275 675 lovem.
291 617 368 676 Nihil
382 619 503 691 amplius
514 619 688 693 quaesierunt
700 636 786 693 quam
796 638 831 677 an
844 624 942 678 auctor
956 626 1068 679 esset⁴⁰

166 707 220 766 sibi
232 706 335 765 divinis
346 709 501 766 honoribus
513 709 621 765 colendi
636 726 719 766 suum
731 726 838 782 regem.
854 709 906 784 [29]
919 709 977 767 Hoc
992 727 1065 783 quo-

167 813 223 871 que
233 802 378 869 acceptum
389 797 448 853 tore
461 796 478 854 J
480 795 526 854 ovi
539 801 618 853 vates
639 798 819 868 respondent.

200 886 275 942 Vera
293 889 321 942 et
337 885 443 942 salubri
466 884 653 942 estimatione
671 886 756 943 fidem
774 886 881 943 oraculi
901 887 1067 946 aeslimanti

165 991 238 1031 vana
245 973 370 1046 prolecto
377 989 523 1046 responsa,
533 974 607 1031 sieut
618 978 710 1043 erant,
725 975 813 1032 videri
826 975 986 1047 potuissent
996 994 1002 1028 :
1012 979 1065 1032 sed

167 1061 290 1132 fortuna,
311 1076 384 1135 quos
408 1061 457 1117 uni
480 1061 534 1118 sibi
556 1063 671 1118 eredere
688 1062 789 1134 coegit,
812 1077 917 1135 magna
935 1067 1066 1133 exparte

166 1149 264 1207 avidos
276 1149 374 1222 gloriae
392 1149 483 1222 magis
496 1165 583 1222 quam
593 1165 707 1220 capaces
718 1153 741 1186 ⁴¹
757 1149 833 1206 tacit.
848 1149 900 1222 [30]
915 1148 995 1206 lovis
1010 1148 1066 1222 igi-

166 1243 214 1296 tur
227 1239 318 1294 filium
334 1253 364 1293 se
379 1254 435 1294 non
457 1238 550 1292 solnm
564 1235 700 1308 appellari
721 1252 821 1308 passus
840 1240 894 1305 est,
911 1236 1068 1293 sedetiam

163 1325 260 1398 jussit,
277 1340 430 1396 rerumque
445 1326 591 1394 gestarum
607 1323 720 1392 lamam,
736 1324 803 1378 dum
815 1339 921 1396 augere
935 1323 998 1379 vult
1011 1324 1068 1380 tali

166 1411 364 1486 appellatione,
384 1411 520 1482 eorrupit.
537 1411 588 1482 [31]
603 1411 637 1466 Et
644 1415 668 1447 ⁴²
686 1411 861 1481 Macedones,
877 1411 985 1468 assueti
998 1413 1071 1484 qui-
1132 1421 1135 1425 ’

165 1503 231 1558 dem
244 1500 323 1572 regio
333 1499 462 1572 imperio,
471 1499 520 1554 sed
529 1499 558 1554 in
569 1499 675 1571 maJore
687 1499 826 1555 libertatis
839 1501 1072 1572 umbrassquam

166 1593 266 1646 eeterae
283 1590 393 1662 gentes,
412 1587 655 1646 immortalitatem
667 1586 855 1644 adlectantem
867 1589 1072 1647 contumacius

166 1681 309 1754 quamaut
320 1675 388 1749 ipsis
398 1674 561 1749 expediebat
574 1679 624 1731 aut
635 1673 696 1746 regi
715 1675 836 1732 aversati
849 1679 926 1732 sunt.
941 1675 995 1751 [32]
1007 1676 1074 1734 Sed

165 1769 226 1824 hae
238 1782 290 1824 suo
302 1782 421 1840 quaque
431 1764 552 1837 tempori
566 1768 748 1821 reserventur
765 1783 772 1819 ι
790 1781 865 1821 nuno
875 1769 971 1822 uetera
985 1782 1076 1825 exse-

166 1857 215 1929 qui
228 1872 355 1929 pergam.

259 2058 394 2110 Alexandra
407 2058 481 2108 londa
495 2054 652 2122 Alexandria,
665 2056 722 2122 puis
734 2059 829 2107 revient
841 2072 872 2105 en
882 2055 962 2121 Syrie.

202 2214 275 2272 Vlll.
292 2216 326 2289 [l]
341 2214 497 2271 Alexander
508 2214 541 2269 ab
554 2212 711 2270 Hammone
723 2213 845 2283 tertiana,
860 2216 896 2271 ad
907 2216 1079 2278 Mareotin¹

166 2304 307 2377 paludem,
316 2304 392 2359 haud
402 2300 718 2371 proaul²insulaPharo
728 2300 822 2365 sitam,
837 2299 1083 2363 venitContem·

167 2394 262 2463 platus
276 2391 328 2447 loci
343 2393 484 2455 naturam,
501 2387 624 2458 primum
635 2391 662 2443 in
676 2389 737 2459 ipsa
751 2387 844 2442 insula
856 2390 1003 2446 statuerat
1023 2410 1080 2449 ur-

166 2480 231 2534 bem
245 2496 347 2535 novam
355 2478 488 2546 condere3
503 2476 576 2538 inde,
594 2475 763 2547 ntapparuit
773 2491 884 2546 magua
896 2476 975 2532 sedis
992 2478 1082 2538 insu·

168 2570 224 2624 lam
238 2567 313 2622 baud
328 2583 458 2638 capacem
472 2581 544 2633 esso,
560 2563 647 2637 elegit
668 2563 730 2619 urbi
751 2563 841 2617 locum
856 2562 904 2618 ubi
926 2582 1007 2623 nune
1029 2574 1083 2627 est

167 2654 345 2724 Alexandria,
361 2652 578 2725 appellationem
598 2650 714 2706 trahens
738 2668 769 2705 ox
789 2651 904 2707 nornine
926 2658 1081 2715 auctoris

170 2747 204 2818 [2]
222 2744 390 2814 Complexus
410 2740 543 2811 quicquid
561 2738 614 2795 soli
629 2744 673 2796 est
688 2740 762 2794 inter
779 2740 914 2808 paludem
928 2756 1081 2817 armare,

169 2833 313 2905 octogiuta
333 2828 490 2886 stadiorum
504 2832 515 2863 ⁵
531 2826 622 2881 muris
638 2826 776 2881 ambitum
790 2825 915 2882 destinat
931 2845 938 2884 ε
962 2835 1003 2901 et,
1023 2836 1081 2905 qui

170 3024 228 3079 placa
237 3023 402 3076 interscalares.
413 3042 439 3053 -
451 3023 483 3063 lo.
492 3029 524 3061 aa
532 3027 586 3060 aaa·
640 3018 727 3062 l'ombre
737 3016 798 3060 d’uue
811 3017 861 3072 plus
873 3022 959 3073 mande
974 3025 1062 3072 liberta
1080 3042 1086 3073 :

169 3091 207 3127 tor
218 3084 324 3137 asel,s'il
337 3080 461 3126 conseillait.
474 3085 538 3123 *tu
549 3091 587 3122 aa·
641 3079 760 3135 metaphora
775 3082 881 3137 poetique.

168 3157 246 3198 pom,
256 3146 353 3200 eapablas
364 3145 390 3187 de
400 3144 419 3186 la
428 3147 546 3197 supportet.
561 3165 588 3172 -
662 3144 717 3186 Vlll.
726 3151 743 3186 l.
750 3142 930 3204 Μανεοιίηηογ,
937 3151 1011 3201 Rom,
1020 3163 1093 3201 1⁶,-

169 3211 203 3250 ta.
214 3210 242 3261 et,
256 3208 352 3251 entia·
361 3212 395 3252 aa.
406 3206 458 3249 la...
472 3206 565 3254 ambra.
576 3205 588 3246 a
643 3210 663 3247 2.
674 3204 765 3259 proma,
774 3215 820 3261 roy.
831 3206 897 3256 Rem,
909 3216 958 3259 ¹97.
967 3238 1000 3254 ..
1008 3222 1032 3263 ³.
1040 3225 1096 3263 δια.
