2317 3500
149 207 203 262 150
473 220 504 273 o.
528 219 620 264 cuum
643 219 716 262 nusi
749 199 954 283 [nivernum.
974 198 1055 282 330]

145 332 266 405 vestigio
286 333 399 390 attoniti
421 334 617 404 intuebantur,
632 337 671 402 et,
686 335 840 406 antequam
860 331 909 387 lux
930 347 1056 405 quoque

145 426 173 476 et
193 422 294 476 caelum
318 421 394 490 ipsos
417 422 583 491 deficerent,
608 420 711 478 reverti
731 421 869 494 jubebant
881 418 914 476 ²².

183 507 237 582 [ll]
260 509 319 565 Rex
338 510 479 584 castigare
494 511 615 583 ¹territos
629 509 789 584 supersedit
808 530 815 566 ε
839 513 967 566 ceterum
987 507 1057 582 ipse

146 613 219 667 equo
233 597 358 666 desiluit,
377 600 520 671 pedesque
540 616 592 672 per
608 598 687 656 nives
702 602 730 655 et
745 603 906 655 concretam
925 596 1058 670 glaciem

147 687 257 759 ingredi
273 687 365 758 coepit.
382 685 597 742 Erubueruut²⁵
612 703 669 742 non
688 687 779 760 sequi,
804 685 930 758 primum
953 685 1058 758 amici,

147 775 247 832 deinde
265 775 411 846 copiarum
424 775 519 845 duces,
541 775 577 830 ad
592 775 725 831 ultimum
738 773 863 831 milites:
880 773 1055 848 primusque

148 881 206 932 rex,
223 863 373 919 dolabra¹⁴
386 862 505 934 glaciem
520 863 709 935 perfringens,
722 867 778 922 iter
789 861 843 918 sibi
858 863 938 931 lecit,
954 878 1059 918 exem-

148 954 228 1025 plum
238 952 315 1025 regis
325 952 411 1008 ceteri
426 952 529 1008 imitati
539 956 617 1007 sunt.
628 952 680 1025 [15]
690 951 827 1026 Tandem,
841 953 1058 1024 propemodum

149 1042 241 1098 invias
254 1041 341 1098 silvas
354 1042 472 1110 emensi,
487 1041 605 1098 humani
619 1042 712 1096 cultus
726 1056 792 1096 rara
805 1039 926 1112 vestigia
939 1045 969 1096 et
983 1059 1059 1113 pas·

149 1132 204 1188 sim
216 1134 345 1188 errantes
362 1147 497 1202 pecorum
515 1146 619 1202 greges
639 1145 799 1201 repperere.
823 1129 860 1185 Et
873 1128 984 1199 incolae,
1003 1131 1059 1204 qui

149 1220 256 1292 sparsis
269 1222 393 1293 tuguriis
402 1218 577 1286 habitabant,
591 1235 656 1274 cum
668 1235 698 1274 se
713 1217 830 1274 callibus
847 1216 931 1274 inviis
945 1222 1060 1290 saeptos

150 1327 213 1366 esse
226 1310 422 1379 credidissent,
432 1313 464 1364 ut
475 1317 645 1380 conspexere
655 1308 782 1365 hostium
795 1325 908 1380 agmen,
921 1307 1061 1366 interlec-

149 1397 220 1453 tisll
234 1398 283 1470 qui
302 1397 431 1454 comitari
453 1398 595 1470 fugientes
614 1415 670 1454 non
691 1402 832 1469 poterant,
857 1391 954 1454 devios
974 1415 1063 1454 mon·

151 1490 194 1542 tes
211 1489 240 1543 et
254 1485 367 1542 nivibus
388 1485 498 1543 obsitos
511 1486 682 1558 petiverunt.
702 1487 756 1562 [le]
770 1487 837 1544 Inde
847 1491 881 1557 ²⁶,
893 1481 1062 1558 percollo-

151 1573 219 1645 quia
232 1573 407 1645 captivorum
425 1575 560 1646 paulatim
579 1575 723 1632 leritate²⁷
743 1575 883 1648 mitigata,
908 1574 1062 1633 tradidere

138 1677 182 1729 ,se
196 1661 267 1734 regi.
284 1661 342 1718 Nec
355 1663 384 1718 iu
396 1663 507 1720 deditos
519 1664 635 1736 gravius
649 1665 820 1721 consultum.

187 1751 241 1827 [17]
259 1751 380 1809 Vastatis
400 1752 465 1809 inde
480 1752 559 1825 agris
572 1753 699 1810 Persidis
712 1753 840 1826 vicisque
854 1754 1060 1825 compluribus

152 1838 275 1897 redactis
289 1838 318 1894 in
331 1843 511 1911 potestatem,
526 1844 644 1897 ventum
658 1840 743 1896 estin
757 1840 923 1896 Mardorum
935 1846 1061 1913 gentem

153 1927 317 1985 bellicosam
335 1933 364 1984 et
384 1930 507 1985 multum
532 1947 549 1986 a
573 1930 675 1986 ceteris
697 1930 793 1985 Persis
817 1930 897 1986 cultu
917 1929 985 1987 vitae
1006 1932 1061 1988 ab·

154 2017 329 2073 horrentem.
349 2018 457 2090 Specus
475 2018 504 2074 in
523 2018 669 2075 montibus
686 2019 807 2089 fodiunt,
823 2018 853 2074 in
870 2035 943 2091 quos
964 2036 1060 2093 seque

153 2122 186 2161 ac
197 2109 222 2143 ²⁸
236 2104 372 2178 conjuges
386 2110 415 2162 et
427 2106 534 2162 liberos
551 2106 688 2162 condunt.
708 2106 848 2162 Pecorum
862 2110 911 2163 aut
923 2107 1058 2166 ferarum

154 2210 239 2249 carne
257 2196 420 2249 vescuntur.
437 2192 502 2267 ι[18]
526 2193 568 2249 Ne
589 2193 702 2250 leminis
727 2193 843 2265 quidem
864 2210 916 2265 pro
940 2201 1058 2255 naturae

154 2281 283 2337 habitu³⁰
295 2281 426 2339 molliora
440 2281 555 2354 ingenia
568 2287 636 2338 sunt
650 2302 656 2337 :
672 2298 759 2339 comae
774 2283 939 2353 prominent
957 2284 1058 2359 hirtae,

156 2368 241 2424 vestis
251 2376 469 2444 superwgenua
478 2374 529 2427 est.
542 2372 595 2444 [19]
606 2372 731 2427 Funda⁵¹
740 2370 867 2427 vinciunt
876 2372 1003 2429 frontem
1011 2373 1038 2405 ⁵²
1051 2396 1057 2430 :

155 2456 210 2511 hoc
223 2465 252 2510 et
266 2463 465 2516 oruamentum
479 2459 580 2530 capitis
597 2462 625 2516 et
644 2459 733 2515 telum
747 2463 799 2516 est.
819 2460 876 2517 Sed
892 2461 967 2517 hanc
984 2479 1063 2535 quo-

156 2560 212 2617 que
221 2548 337 2616 gentem
351 2546 454 2603 idem³³
466 2549 722 2621 iortuuaeimpetus
737 2542 926 2625 domuitito]
943 2549 1061 2627 ltaque,

156 2631 299 2689 tricesimo
316 2634 360 2690 die
372 2642 584 2709 postquama³⁸
599 2638 742 2709 Persepoli
760 2638 903 2709 protectus
920 2644 993 2709 erat,
1012 2660 1064 2699 eo-

96 2828 100 2833 ·
158 2810 579 2868 nu,deeert-22.juoaomu‚demen-
634 2820 679 2858 ¹⁵⁷.
697 2836 723 2845 -
741 2820 775 2858 29.
790 2824 836 2867 pro
851 2820 944 2857 nutura
966 2816 1066 2873 habitu,

158 2873 194 2914 der
205 2875 225 2917 t.
238 2898 264 2907 -
276 2880 309 2918 2³.
322 2875 462 2929 supersedit,
480 2874 580 2914 erubue-
633 2886 712 2917 comme
722 2874 737 2917 il
749 2880 782 2918 est
793 2874 900 2919 ordinaire
916 2877 928 2919 a
942 2874 991 2919 leur
1003 2890 1066 2925 sere.

158 2941 220 2987 rum,
233 2948 280 2990 roy.
290 2936 353 2978 Rau.
370 2942 415 2981 lle.
427 2958 455 2968 -
466 2939 500 2978 24.
514 2936 579 2976 doto-
632 2960 659 2968 -
667 2943 784 2991 absuper,
793 2936 979 2980 c'est-“a-direuou
991 2941 1067 2993 infra

158 2996 337 3052 cronopium.
353 2999 494 3043 Hice-25.
507 2996 581 3039 im
633 3011 715 3054 pennu.
728 3005 799 3043 —3l.
816 3000 904 3053 sunda,
926 3012 976 3055 voy.
999 3002 1066 3051 Dice,

158 3056 231 3106 semia
246 3072 294 3114 roy.
307 3061 371 3103 Rern.
385 3067 419 3107 ol.
430 3084 456 3093 -
469 3066 503 3103 ao.
515 3060 579 3110 siue,
633 3062 692 3103 Hisl.
703 3084 730 3092 -
740 3068 772 3105 32.
785 3062 1067 3118 frontormvopllemmr,

160 3128 212 3167 pour
218 3120 334 3163 deiude·
340 3130 375 3166 2⁷.
384 3126 481 3175 (mnu,
488 3121 580 3164 timiditt
632 3146 659 3155 -
669 3129 702 3167 aa.
714 3124 784 3177 idem,
799 3123 900 3179 supplem
912 3126 954 3178 out
974 3132 1069 3175 aaaron

159 3188 258 3230 sauuage.
266 3204 291 3213 -
300 3189 333 3227 2⁸.
340 3196 407 3243 seque
416 3196 506 3246 envoy.
516 3185 579 3227 Rom.
632 3184 738 3246 populos.
747 3208 773 3217 —-
781 3191 814 3230 34.
827 3198 842 3229 u
862 3198 911 3250 vop.
920 3188 986 3231 Rom.
1000 3196 1049 3237 leo,
