2317 3500
143 189 181 247 bt
472 201 502 253 o.
526 201 618 246 curri
640 201 712 246 num
785 274 793 282 ἡ
865 180 950 264 [uov.
968 181 1040 265 333]

144 317 311 388 prohibebat
324 319 462 372 rnteresse
476 315 615 381 convivio,
625 314 662 388 [3]
669 331 734 371 eum
742 317 874 385 repente⁴
886 330 901 368 e
914 313 1043 385 proximo

143 406 324 462 tabernaculo
339 405 470 478 lugubris
484 406 602 474 elamor,
612 405 733 461 barbaro
746 404 857 460 ululatu
871 403 1045 476 planctuque

143 493 310 566 permixtus,
336 494 484 566 epulantes
507 493 674 550 conterruit.
692 493 819 549 Cohors⁸
834 509 957 565 quoque,
981 507 1045 565 qua

144 583 297 640 excubabat
321 584 356 639 ad
382 583 596 639 tabernaculum
621 583 713 656 regis,
740 581 833 638 verita
861 597 897 638 ne
928 582 1046 654 majoris

144 676 239 727 motus
254 671 425 744 principium
446 674 531 740 esset,
548 687 659 728 armare
677 687 708 728 se
728 672 860 742 ooeperat
900 671 936 744 [4]
954 671 1049 727 Causa

145 760 231 816 subiti
259 760 373 834 pavoris
400 760 454 815 tuit
480 762 556 831 quod
590 765 683 816 mater
707 777 833 830 uxorque
859 759 954 830 Darii,
982 776 1049 815 eum

145 850 279 920 eaptivis⁶
294 850 446 921 nobilibus,
470 867 578 922 regem,
598 868 684 923 quem
708 850 890 906 interiectum
910 867 972 906 esse
987 867 1050 905 ore-

146 938 264 1006 debant,
291 938 399 1010 ingenti
424 937 532 1009 gemitu
554 937 718 1011 ejulatuque
735 938 885 994 deflebant.
904 937 941 1011 [5]
965 938 1049 994 Unus

110 1089 113 1093 ,
146 1030 283 1097 namque⁷
303 1043 318 1082 e
338 1026 457 1098 eaptivis
471 1026 656 1097 spadonibus,
670 1026 717 1099 qui
738 1026 812 1081 torte
834 1029 899 1082 ante
918 1025 1050 1098 ipsarum

146 1114 360 1170 tabernaculum
387 1117 520 1184 steterat,
545 1113 700 1170 amiculum
733 1106 810 1186 quod
833 1113 947 1184 Darius,
963 1113 1053 1171 'sicut

145 1203 230 1274 paulo
245 1207 310 1260 ante
333 1204 439 1260 dietum
461 1205 514 1271 est,
536 1219 572 1258 ne
596 1203 674 1258 cultu
693 1204 873 1273 proderetur,
896 1201 1050 1274 abjecerat,

146 1292 175 1348 in
189 1291 320 1348 manibus
338 1292 400 1364 ejus
420 1289 469 1363 qui
481 1293 627 1361 repertum
646 1291 755 1347 ferebat
768 1289 894 1363 agnovit,
910 1294 1051 1364 ratusque

146 1379 294 1434 interfecto
312 1380 471 1436 detractum
488 1393 561 1447 esse,
583 1379 687 1435 falsum
708 1380 842 1436 nuntium
860 1378 963 1436 mortis
984 1379 1051 1452 ejus

147 1467 290 1547 attulerat.
652 1480 660 1486 ’

181 1556 216 1627 [6]
232 1555 291 1611 Hoe
304 1557 456 1612 mulierum
471 1571 568 1612 errore
584 1560 740 1627 comperto,
754 1557 912 1613 Alexander
926 1558 1053 1616 fortuna

148 1643 224 1700 Darii
251 1648 279 1700 et
305 1645 404 1716 pietati
432 1661 530 1701 earum
556 1645 750 1702 illacrimasse
766 1647 865 1702 fertur.
893 1649 932 1702 Ao
954 1646 1052 1718 primo

148 1732 329 1805 Mithrenem,
345 1735 394 1807 qui
409 1735 526 1791 Sardis⁸
540 1734 707 1805 tradiderat,
720 1735 844 1807 peritum
858 1735 963 1810 linguae
977 1737 1054 1793 Per-

147 1822 227 1893 sioae,
242 1822 283 1879 ire
295 1823 331 1879 ad
345 1824 532 1881 consolandas
546 1840 595 1881 eas
611 1824 745 1897 jusserat.
762 1824 799 1899 [7]
821 1825 933 1881 Veritus
947 1825 1054 1885 deinde

147 1928 182 1968 ne
204 1910 333 1984 proditor
360 1912 535 1983 captivarum
569 1912 642 1969 iram
675 1914 860 1986 doloremque
885 1921 1052 1986 renovaret,

148 1998 323 2055 Leonnatum
340 2016 374 2056 ex
388 2003 570 2071 purpuratis⁹
585 2000 646 2056 suis
667 2000 762 2071 misit,
784 2001 898 2073 jussum
921 2002 1054 2061 indicare

148 2087 219 2141 salso
234 2086 384 2153 lamentari
396 2102 444 2143 eas
462 2088 567 2144 vivum.
583 2087 633 2144 llle
647 2105 711 2144 eum
733 2088 830 2161 paucis
846 2091 997 2164 armigeris
1021 2094 1055 2150 in

147 2176 362 2232 tabernaculum
382 2175 412 2231 in
433 2193 490 2250 quo
509 2177 627 2249 captivae
644 2182 726 2235 erant
749 2180 888 2251 pervenit,
909 2181 1055 2240 missum-

148 2282 202 2337 que
216 2282 246 2322 se
266 2282 282 2321 a
297 2282 364 2337 rege
378 2265 509 2323 nuntiare
517 2271 539 2304 ¹⁰
555 2267 646 2338 jubet.
664 2268 699 2341 [8]
716 2271 752 2324 nt
765 2268 784 2323 ii
798 2268 848 2340 qui
863 2269 892 2325 in
907 2273 1056 2331 vestibulo

148 2357 243 2423 erant,
269 2357 301 2410 ut
321 2358 447 2411 armatos
468 2372 649 2427 conspexere,
672 2358 727 2412 rati
748 2361 842 2413 aetum
861 2373 924 2413 esse
944 2360 978 2415 de
1001 2363 1055 2419 do-

148 2442 243 2505 minis,
260 2441 288 2497 in
310 2443 525 2499 tabernaculum
540 2448 669 2515 currunt,
685 2444 873 2501 vociterantes
888 2447 988 2504 adesse
1005 2467 1056 2507 su·

149 2546 276 2601 premam
295 2530 396 2586 horam
411 2530 570 2605 missosque
580 2533 635 2604 qui
650 2532 809 2588 occiderent
822 2536 929 2603 captas.
942 2532 978 2607 [9]
996 2534 1058 2594 lta-

149 2635 214 2692 que,
247 2622 280 2675 ut
307 2636 369 2691 qua
403 2636 454 2675 neo
469 2612 471 2617 ’
487 2620 638 2690 prohibero
669 2624 786 2691 possent
819 2637 870 2677 neo
899 2623 1056 2684 admittere

150 2707 296 2777 auderent,
318 2708 396 2765 nullo
411 2724 547 2780 responso
562 2709 640 2781 dato,
655 2707 747 2765 taeitae
762 2709 984 2780 opperiebantur
994 2714 1057 2770 vie-

149 2797 220 2853 toris
236 2797 395 2854 arbitrium.

150 2941 251 2993 equivaut
262 2943 274 2984 ‘a
288 2954 293 2984 :
304 2952 338 2985 ses
349 2940 443 2983 intimes.
450 2963 477 2971 -
487 2945 509 2984 b.
519 2953 573 2982 oum
626 2941 679 2985 Hor
694 2963 717 2972 -·
726 2947 746 2985 3.
755 2942 914 2997 septimanos.
921 2944 986 2987 Rern.
996 2951 1021 2989 47
1031 2958 1054 2990 a.

150 3008 241 3053 repente
254 3016 260 3046 ι
274 3016 327 3059 pour
339 3003 378 3047 lior
392 3004 423 3046 les
434 2999 573 3057 deuxpartie's
627 3027 652 3035 -
667 3010 687 3048 7.
697 3017 804 3059 nomque,
821 3017 870 3060 vop.
884 3005 949 3049 Rem.
969 3015 1015 3052 156.
1027 3030 1055 3041 —

151 3062 176 3103 de
189 3063 208 3105 la
216 3064 300 3119 phrase,
310 3066 482 3121 illautsupple'er
493 3064 521 3107 iel
533 3078 574 3109 uuo
627 3073 647 3109 3.
660 3067 752 3118 Sardis,
765 3079 813 3122 vop.
826 3068 893 3111 Rem.
904 3074 939 3111 20.
953 3092 981 3100 —-
993 3078 1014 3114 9.
1025 3084 1055 3114 ex

150 3125 296 3177 proposition:
301 3131 398 3184 jamque
406 3129 573 3171 interamme-
625 3131 776 3183 purporotis,
799 3141 847 3184 vop.
873 3130 937 3172 Rem.
962 3138 1009 3175 ¹95.
1029 3156 1055 3164 —·

151 3187 248 3231 oseem.
262 3211 288 3221 -
304 3197 324 3235 t.
342 3194 435 3244 robora,
451 3203 499 3247 roy.
514 3193 573 3237 Dtot.
630 3201 661 3237 to.
672 3192 791 3245 mutiam,
807 3202 856 3247 roy.
874 3191 940 3237 Rem.
961 3199 1008 3238 ssll·
1028 3216 1055 3230 -
