2317 3500
107 211 180 295 [arv.
194 209 337 295 333-332]
467 230 562 276 uinus
582 233 625 275 rv.
951 219 989 274 55

104 343 207 416 regiam
228 344 366 417 pervenit.
388 344 440 419 [tt]
468 346 554 403 Fama
572 346 684 413 deinde,
712 349 745 401 ut
764 347 846 417 solet,
872 351 989 407 strenue

104 436 160 490 tota
170 435 240 490 urbe
254 434 396 491 discurrit.
411 436 539 491 Aliorum
551 434 688 502 studium,
698 435 818 492 aliorum
832 437 989 510 indignatio

104 521 241 578 eminebat
255 542 261 576 :
277 521 461 578 divitissimus
473 523 594 595 quisque
608 522 798 579 humilitatem
812 523 989 598 inopiamque

100 610 161 682 ejus
185 612 258 683 apud
280 611 385 668 amicos
402 612 552 668 Alexandri
567 612 780 669 criminabatur.
800 611 989 687 [ttlhdmitti

106 716 168 754 eum
178 716 227 756 rex
240 701 370 772 protinus
387 701 483 773 jussit,
495 702 599 774 diuque
613 702 840 773 contemplatus:
858 722 871 754 «
886 703 990 776 Corpo·

105 787 143 842 ris
154 807 180 856 n,
192 787 293 860 inquit,
310 808 323 842 c
339 788 453 846 habitus
468 789 550 850 lama
565 789 677 861 generis
690 805 748 845 non
763 795 924 860 repugnat:
942 794 991 848 sed

105 877 172 932 libet
195 877 264 934 scire
284 877 408 948 inopiam
433 895 489 949 qua
510 877 645 948 patientia
664 877 804 934 tuleris.»
832 877 904 935 Tum
921 878 989 934 ille:

107 959 284 1032 «Utinam»,
305 963 407 1034 inquit,
434 987 448 1012 κ
469 964 567 1018 eodem
582 963 677 1019 animo
694 980 816 1036 regnum
829 964 916 1036 pati³⁸
926 981 990 1036 pos-

104 1049 175 1104 simt
198 1051 239 1106 hae
257 1067 358 1107 manns
383 1051 517 1108 suffecere
541 1051 681 1107 desiderio
699 1069 777 1108 meo:
792 1053 861 1109 nihil
876 1053 991 1109 habenti

104 1136 174 1193 nihil
189 1139 285 1194 deluit.
302 1158 316 1191 n
335 1138 385 1210 [26]
405 1139 515 1210 Magum
538 1137 642 1193 indolis
663 1139 805 1210 specimen
821 1157 854 1195 ex
868 1141 921 1196 hoc
932 1157 991 1196 ser-

104 1243 186 1282 mone
199 1227 384 1298 Abdalonymi
399 1228 514 1300 cepit³⁹.
531 1226 640 1299 ltaque,
664 1244 721 1283 non
745 1228 887 1284 Stratonis
907 1231 991 1284 modo

104 1313 210 1385 regiam
222 1316 422 1386 supellectilem
435 1315 550 1370 attribui
563 1315 588 1370 ei
598 1315 693 1387 jussit,
702 1317 750 1372 sed
762 1318 897 1390 pleraque
907 1317 992 1373 etiam

103 1419 136 1458 ex
154 1402 266 1460 Persica
292 1403 396 1475 praeda,
416 1403 563 1475 regionem
586 1419 698 1476 quoque
719 1403 783 1460 urbi
806 1405 993 1477 appositam⁴⁰

103 1491 204 1547 dicioni
219 1491 280 1563 ejus
294 1491 417 1564 adjecit.¹

139 1580 188 1652 [27]
206 1580 316 1637 Interea
328 1569 474 1652 Amyntas
495 1597 580 1652 quem
602 1581 638 1638 ad
656 1581 760 1638 Persas
779 1583 813 1638 ab
834 1584 991 1638 Alexandro

102 1668 289 1740 transfugisse
304 1668 434 1738 diximus,
457 1684 522 1723 cum
540 1673 675 1741 quattuor
687 1670 812 1726 millibus
831 1671 991 1726 Graecorum

103 1759 195 1830 ipsum
219 1774 253 1813 ex
274 1758 331 1813 acie
359 1758 514 1830 persecutis
527 1763 563 1831 ⁴¹,
581 1760 650 1831 fuga
671 1759 827 1831 Tripolin⁴³
853 1757 991 1829 pervenit.

102 1847 179 1917 Inde,
192 1846 221 1902 in
236 1862 322 1903 naves
335 1846 472 1903 militibus
482 1845 945 1919 impositis,Cyprumtransmisit3
954 1847 992 1914 et,

101 1953 176 2005 cum,
191 1935 220 1991 in
232 1934 281 1989 illo
295 1938 370 1990 statu
384 1950 491 2000 rerum,
506 1934 536 1990 id
552 1951 703 2007 quemque,
723 1933 799 2005 quod
819 1935 992 2003 occupasset,

101 2024 265 2079 habiturum
286 2023 471 2079 arbitraretur
484 2024 563 2079 velut
580 2025 657 2080 certo
674 2022 738 2094 jure
751 2038 925 2093 possessum,
945 2020 994 2075 AE-

101 2115 219 2183 gyptum
234 2114 329 2182 petere
340 2110 474 2181 decrevit,
489 2111 603 2183 utrique
617 2109 678 2184 regi
691 2110 782 2167 hostis
794 2114 823 2167 et
836 2126 949 2180 semper
960 2126 993 2165 ex

100 2198 216 2270 ancipiti
238 2199 393 2255 mutatione
413 2202 574 2270 temporum
587 2201 752 2272 pendens⁴³.
772 2199 822 2271 [28]
845 2198 992 2253 Hortatus-

11 2280 15 2285 ’
100 2302 156 2358 que
170 2286 275 2343 milites
289 2289 324 2343 ad
340 2304 419 2359 spem
437 2292 523 2344 tantas
537 2288 589 2358 rei,
611 2290 692 2344 docet
712 2288 837 2343 Sabacen
845 2292 879 2356 ⁴⁴,
895 2290 994 2356 praeto·

100 2380 196 2431 rem⁴l
217 2376 341 2447 AEgypti,
361 2377 494 2433 cecidisse
514 2376 543 2431 in
563 2376 644 2433 acie:
664 2377 816 2432 Persarum
830 2375 992 2447 praesidium

98 2466 130 2520 et
143 2463 204 2520 sine
219 2465 288 2520 duce
306 2481 366 2521 esse
388 2470 417 2521 et
431 2464 595 2531 invalidum,
608 2465 757 2537 AEgyptios
771 2481 881 2537 semper
892 2469 993 2538 prato-

98 2552 182 2607 ribus
205 2557 335 2608 eorum⁴⁶
348 2552 477 2619 infestos,
497 2569 548 2624 pro
566 2553 650 2609 sociis
668 2553 754 2624 ipsoS,
770 2570 827 2609 non
840 2570 891 2625 pro
905 2552 993 2609 hosti·

96 2642 157 2697 bus
168 2641 366 2697 aestimaturos.
380 2641 430 2713 [29]
445 2640 546 2697 Omnia
560 2641 678 2713 experiri
693 2643 844 2698 necessitas
858 2643 992 2711 cogebat:

96 2729 217 2802 quippe,
241 2746 303 2785 cum
326 2728 431 2802 primas
450 2747 514 2802 spes
526 2730 641 2788 fortuna
658 2732 795 2799 destituit,
811 2731 907 2785 lutura
924 2743 994 2797 prae-

97 2819 234 2875 sentibus
252 2819 383 2875 videntur
397 2835 457 2875 esse
473 2819 592 2891 potiora.
607 2819 697 2892 Igitur
709 2821 896 2883 conclamant,
912 2815 995 2868 duce-

96 2961 190 3014 lonynre
198 2959 253 3001 avait
261 2971 297 3002 eru
308 2959 411 3009 d’abcrdi
421 2973 462 3004 une
472 2962 525 3016 plai-
574 2964 709 3016 persecutis,
719 2961 786 3003 meme
796 2968 843 3000 sens
854 2966 895 3009 que
903 2952 995 2997 secutis.

96 3022 274 3067 cantaria-aa.
281 3024 339 3077 poti,
350 3030 418 3077 porter
426 3025 522 3078 lepoids.
576 3031 644 3069 -42,
662 3024 775 3077 Tripolin,
792 3029 840 3069 voy-
851 3017 915 3058 Rem.
930 3022 961 3058 16.
970 3038 997 3045 —

97 3109 128 3117 -
142 3092 177 3130 39.
196 3088 309 3139 specimen
327 3088 392 3141 cepit,
406 3086 523 3130 Alexandro
576 3093 611 3131 43.
620 3089 723 3140 pendeas
735 3093 803 3132 &2⁵⁰
816 3078 883 3129 l>liant
893 3077 913 3119 ἦ·
926 3100 952 3108 -
961 3082 996 3121 44·

98 3151 185 3203 cenent
197 3161 237 3191 uua
253 3150 315 3193 haute
334 3150 386 3194 ide'e.
399 3173 425 3180 -
435 3155 468 3193 40.
481 3162 523 3204 ap·
577 3151 688 3201 Sabacen,
699 3156 747 3198 vot·
757 3143 820 3183 Rem·
831 3145 851 3182 3·
862 3161 888 3169 ·-
896 3144 930 3182 45·
938 3150 997 3191 W⁴

96 3211 216 3262 positam,
233 3224 278 3267 roy.
299 3214 363 3256 Rem.
379 3218 403 3258 28
415 3214 435 3256 b.
453 3235 476 3243 -
489 3218 522 3257 lt.
577 3216 657 3264 torem,
680 3218 730 3259 tol·
740 3204 799 3245 Did·
815 3200 873 3243 ΗΜ·
883 3204 949 3242 4⁶·
961 3208 998 3238 ⁶⁰¹
