2317 3500
80 47 143 130 [riri
160 47 229 130 3291
427 66 520 109 ulnus
541 67 598 109 vir.
902 58 955 112 251

78 180 211 250 liberarit3
224 196 346 254 quorum
363 182 471 252 posteri
488 199 562 240 nunc
584 198 697 255 quoque
715 183 788 256 apud
803 188 881 240 eos2l
900 193 959 240 mm

77 270 153 342 longa
167 273 259 340 aetate,
275 272 391 342 propter
405 271 572 329 memoriam
587 271 747 341 Alexandri,
760 289 817 329 non
829 275 960 347 exoleve-

77 362 137 414 runt
145 363 177 417 2⁸.

154 541 292 592 Alexandro
305 555 333 592 se
344 541 443 607 dispose
457 543 473 594 t
488 543 552 596 faire
568 543 592 594 le
603 558 694 608 guerre
705 557 755 593 aux
766 543 877 608 Scythes.

109 707 164 764 Vll.
182 708 216 782 [1]
229 709 265 765 At
283 726 332 766 rex
356 709 538 783 Scytharum,
562 710 643 783 cujus
666 714 728 766 tum
752 709 829 766 ultra
846 709 962 764 Tanaim

77 798 222 871 imperium
236 803 306 868 erat,
323 802 402 855 ratus
417 815 479 855 eam
498 800 609 869 urbem,
631 816 717 872 quam
736 798 766 855 in
786 798 849 870 ripa
870 796 973 861 amnis,

76 887 237 944 Macedones
251 888 444 958 condiderant,
460 887 520 944 suis
532 887 708 960 impositam¹
723 904 785 945 esse
798 886 962 957 cervicibus,

76 979 198 1048 fratrem,
212 975 372 1034 Carthasim
386 977 510 1048 nomine,
531 993 596 1032 cum
609 994 714 1050 magna
727 977 855 1050 equitum
876 992 964 1032 manu

76 1066 146 1122 misit
160 1067 195 1122 ad
209 1067 376 1123 diruendam
396 1083 458 1122 eam
472 1066 643 1138 proculque*
657 1082 740 1122 amne
756 1066 964 1122 submovendas

76 1159 256 1215 Macedonum
279 1158 382 1231 copias.
407 1159 441 1232 [2]
462 1159 627 1216 Bactrianos
650 1158 752 1215 'lanais
778 1159 813 1216 ab
841 1157 962 1230 Scythis,

76 1264 144 1320 quos
155 1248 308 1319 Europaeos
322 1250 435 1317 vocant,
450 1238 560 1304 dividit.
577 1247 656 1304 idem
669 1247 765 1304 llsiam
778 1251 808 1304 et
822 1247 964 1318 Europam

75 1335 137 1391 linis
151 1335 296 1392 interfluit.
312 1336 345 1410 [3]
358 1335 490 1408 Ceterum
501 1336 670 1408 Scytharum
683 1353 764 1409 gens,
777 1337 854 1392 haud
867 1337 964 1408 procul

76 1424 191 1479 Thracia
203 1424 267 1494 sita,
283 1425 317 1481 ab
332 1424 441 1481 oriente
455 1426 490 1481 ad
505 1424 726 1496 septentrionem
744 1442 775 1482 se
787 1425 874 1482 vertit
896 1426 965 1480 Sar-

75 1516 281 1588 matarumque,
293 1518 325 1571 ut
339 1514 455 1587 quidam
469 1515 624 1583 credidere,
634 1531 691 1571 non
700 1515 831 1582 finitima,
842 1515 966 1584 sedpars

75 1605 127 1657 est.
148 1601 187 1675 [l]
208 1604 309 1660 Rectal
331 1598 448 1659 deinde*
473 1601 641 1675 regionem⁸
661 1602 746 1658 aliam
767 1603 842 1657 ultra
861 1601 966 1656 istrum
1006 1598 1008 1601 ’

72 1689 212 1762 jacentem
227 1689 309 1746 colit:
323 1689 505 1746 ultimaAsiae
515 1694 536 1759 ⁸,
545 1707 604 1763 qua
615 1689 715 1746 Bactra
727 1692 805 1761 sunt,
821 1687 964 1761 stringite

74 1778 211 1836 Habitant
236 1797 299 1853 que
323 1778 510 1850 septentrioni
539 1778 672 1851 propiora
700 1782 791 1835 sunt:
819 1778 966 1849 prolundae

73 1867 139 1926 inde
167 1869 243 1926 silvae
269 1872 414 1941 vastaeque
442 1868 610 1927 solitudines
630 1868 806 1941 excipiunt⁸z
835 1872 965 1938 rursus⁰‚

73 1972 137 2030 quae
150 1960 179 2013 et
197 1957 304 2013 Tanain
323 1960 352 2014 et
366 1957 469 2014 Bactra
487 1962 623 2031 spectant,
635 1958 761 2015 humano
775 1956 877 2014 cultu¹⁰
892 1957 968 2013 haud

72 2045 199 2117 disparia
214 2050 290 2102 sunt.
307 2046 341 2121 [5]
353 2047 466 2103 Primus
474 2052 495 2083 ¹¹
510 2064 575 2104 oum
587 2048 640 2107 hac
653 2050 738 2121 gente
751 2063 809 2103 non
823 2045 968 2119 provisum

71 2134 181 2191 bellum
195 2136 349 2193 Alexander
360 2140 506 2209 gesturus,
524 2152 589 2192 oum
603 2137 632 2193 in
649 2138 802 2209 conspectu
819 2134 882 2207 ejus
901 2134 969 2191 obe-

69 2358 130 2405 lata,
148 2352 300 2395 commendeti
312 2351 377 2395 sortir
389 2352 414 2395 de
433 2355 496 2397 terre.
548 2352 610 2398 el’o.
626 2352 646 2395 le
663 2350 756 2407 Scythis,
771 2352 852 2407 quiesi
867 2353 969 2409 comprise

69 2436 98 2447 -·
114 2420 148 2458 27.
162 2414 226 2467 apud
242 2426 289 2465 eos,
307 2413 457 2457 dest-adiro:
478 2415 498 2459 le
548 2416 602 2460 dans
614 2414 635 2457 la
649 2414 761 2467 Sarmatis,
776 2426 803 2457 va
818 2414 844 2458 do
860 2414 969 2458 Bactros&

68 2476 151 2532 poupls
165 2476 195 2518 tel
214 2474 267 2530 qu'il
279 2479 312 2518 est
323 2474 404 2520 devenu
416 2475 497 2531 depuis.
549 2476 790 2521 laTlrraceetmtmeeu
800 2476 846 2520 deli
856 2477 969 2529 del’lster;

67 2562 97 2570 -
111 2544 146 2582 28.
156 2548 206 2580 noo
215 2536 499 2589 emoleoorcotlermeobs-
550 2539 578 2582 du
594 2539 641 2582 coti
651 2538 680 2582 du
699 2538 727 2591 N,
739 2537 781 2581 elle
800 2538 833 2582 n'e
844 2550 897 2593 pour
915 2538 971 2581 ainsi

67 2611 109 2643 cur
138 2597 176 2654 qui
196 2596 300 2653 tquiveut
314 2598 327 2640 l
343 2609 383 2652 peu
399 2600 447 2653 pris
464 2600 498 2642 a:
550 2601 596 2643 dire
611 2612 650 2655 pas
664 2601 786 2644 debomes.
804 2623 830 2631 —
849 2606 869 2644 ll.
886 2600 971 2641 culmo

68 2663 168 2705 forment
184 2672 226 2704 une
245 2661 327 2704 castel
343 2664 396 2715 part.
550 2663 620 2714 Aah,
630 2663 748 2717 inploro.
761 2667 794 2705 to.
806 2683 834 2693 —
843 2661 971 2715 astringit,

98 2723 149 2767 Vll.
173 2731 190 2767 l.
209 2724 354 2778 impositam,
372 2734 453 2766 comme
471 2736 499 2768 un
552 2724 606 2770 dens
620 2726 699 2770 lesem
710 2724 739 2766 do
749 2724 850 2777 allicuit,
863 2726 897 2764 est
905 2720 972 2775 poeti-

65 2785 134 2841 joug.
146 2808 175 2817 -
188 2791 208 2828 2.
218 2786 311 2842 procul,
320 2796 368 2840 roy.
378 2785 441 2828 Rem.
455 2793 499 2831 lor.
553 2796 605 2840 que.
618 2799 648 2819 -ι
662 2794 685 2831 a.
700 2784 831 2837 mptum
845 2780 972 2824 dost-adire

68 2869 98 2879 -
107 2852 209 2899 areola,
223 2860 249 2889 en
262 2845 413 2900 droilelligne)
422 2858 469 2891 vers
480 2847 500 2891 le
552 2853 687 2901 ummo.
701 2864 728 2875 —
738 2852 761 2890 o.
777 2855 871 2896 rursus,
884 2855 911 2886 eu
923 2854 973 2886 eon·

68 2908 168 2951 nord-
179 2913 200 2953 l.
213 2910 305 2964 deinde,
317 2910 342 2954 de
356 2910 385 2954 u,
397 2930 422 2942 ·-
437 2916 456 2955 l.
467 2920 502 2953 re·
553 2908 627 2952 traire.
636 2932 664 2943 -
679 2915 712 2952 lo.
722 2908 794 2958 mure,
804 2918 853 2960 vop.
865 2907 927 2950 Rem.
939 2914 972 2951 22.

66 2972 178 3029 pionem,
195 2972 323 3030 description
347 2973 390 3018 lort
412 2972 501 3021 obscure
553 2973 731 3027 -raprrmoe
742 2971 883 3014 allusionem
895 2973 974 3025 grands

67 3032 112 3095 qui
128 3039 182 3091 peut
191 3048 214 3081 se
228 3038 322 3084 resumet
332 3037 389 3087 einer
401 3047 408 3081 τ
420 3036 447 3083 de
458 3030 500 3081 l'E.
553 3034 680 3094 propontiis
690 3034 717 3080 de
729 3031 860 3086 semiramis,
869 3032 938 3092 Cyrus
953 3041 974 3083 ct
