2317 3500
492 60 530 116 o„
546 59 638 103 ounri
661 59 734 102 nuri
884 42 968 123 [nur.
988 44 1068 125 330]

238 317 271 366 Le
290 315 326 366 roi
344 315 399 365 leur
410 315 546 380 pardonne,
558 313 624 364 ainsi
634 315 693 378 qu’d
708 313 764 364 leur
779 313 844 365 irene
859 313 987 365 Polemon.

286 387 434 438 Parmenion
446 391 484 436 est
494 385 620 436 assassint
632 399 677 448 par
688 385 761 435 ordre
772 386 943 436 d’Alexaudre.

201 539 236 596 ll.
254 539 288 614 [1]
308 540 382 595 Dum
401 539 460 594 haec
478 539 613 609 Amyntas
632 535 722 609 agit¹,
741 537 814 594 forte
833 544 1066 610 supervenerunt

165 631 214 706 qui
232 631 350 686 fratrem
362 628 423 700 ejus
437 627 629 693 Polemonem,
656 627 691 682 de
713 643 770 699 quo
783 631 848 684 ante
862 631 907 684 est
921 627 1063 701 dictum²‚

166 719 321 791 fugientem
335 714 492 784 consecuti,
504 714 633 768 vinctum
645 714 827 771 reducebant.
844 714 951 772 Infesta
964 718 1063 774 contio

165 807 211 864 vix
225 804 346 862 inhiberi
362 801 456 876 potuit
467 801 535 875 quin
548 801 679 874 protinus
693 819 745 859 suo
759 807 854 860 morel
867 819 935 860 saxa
948 803 978 859 in
993 821 1062 860 eum

164 895 279 967 jaceret.
295 893 329 965 [2]
343 893 457 964 Atque*
468 890 517 947 ille
529 907 597 948 sane
614 889 761 946 interritus
775 910 809 944 :a
825 889 913 959 Nihil,
930 891 1061 964 »inquit

166 999 244 1054 apro
265 999 311 1038 me
333 981 477 1052 deprecor,
496 980 580 1036 modo
603 996 639 1035 ne
656 979 777 1036 fratrum
793 979 978 1034 innocentiae⁸
991 981 1062 1053 fuga

165 1071 338 1144 imputetur6
347 1086 418 1127 mea.
429 1071 494 1126 Haec
508 1068 532 1124 si
547 1068 658 1125 delendi
668 1085 724 1124 non
733 1070 835 1139 potest,
845 1082 942 1122 meum
950 1068 1060 1126 crimen

165 1161 212 1218 sit.
226 1161 335 1216 Horum
349 1158 384 1214 ob
400 1158 428 1213 id
440 1157 535 1229 ipsum
547 1155 703 1212 meliorest
715 1171 810 1223 causa,
834 1155 912 1227 quod
926 1171 991 1228 ego,
1008 1159 1059 1230 qui

164 1247 289 1319 profugi,
307 1247 454 1316 suspectus
471 1260 545 1299 sum.
566 1262 579 1295 u
604 1242 638 1315 [3]
663 1244 700 1298 At
722 1243 782 1299 haec
800 1241 911 1298 elocuto
925 1242 1061 1302 universa

164 1334 258 1392 contio
283 1349 398 1390 assensa
421 1336 466 1389 est
487 1351 493 1386 :
515 1330 640 1387 lacrimae
660 1331 762 1387 deinde
785 1331 919 1389 omnibus
939 1348 1059 1390 manare

163 1425 317 1493 coeperunt,
332 1422 401 1477 adeo
422 1420 452 1478 in
474 1420 647 1478 contrarium
670 1424 785 1492 repente
805 1420 935 1492 mutatis,
951 1424 983 1476 ut
1003 1422 1060 1478 hoc

163 1511 257 1566 solum
269 1526 320 1581 pro
338 1524 371 1564 eo
385 1511 461 1564 esset
474 1509 551 1581 quod
570 1507 693 1564 maxime
713 1508 856 1564 laseraw.

199 1597 232 1670 [tr]
255 1599 271 1654 J
275 1596 374 1653 uvenis
393 1600 456 1652 erat
480 1596 573 1668 primo
587 1595 680 1652 aetatis
694 1595 764 1653 flore
775 1597 942 1667 pubescens,
958 1614 1055 1670 quem,

161 1686 236 1742 inter
259 1688 367 1763 equites
386 1685 536 1740 tormentis
559 1683 678 1740 Philotae
702 1684 903 1750 conturbatos,
930 1684 1056 1743 alienus⁸

160 1778 255 1833 terror
268 1776 425 1833 abstulerat
437 1794 443 1829 :
455 1774 599 1832 desertum
614 1790 680 1829 eum
692 1790 709 1830 a
723 1774 873 1831 comitibus
888 1779 917 1830 et
926 1774 1057 1832 haesitan-

160 1868 237 1921 tem⁹
259 1864 332 1929 inter
357 1862 518 1919 revertendi
541 1862 725 1935 fugiendique
748 1861 908 1932 consilium,
936 1862 986 1935 qui
1012 1880 1056 1920 se-

160 1956 218 2011 cuti
226 1959 249 1993 ¹⁰
265 1957 355 2025 erant,
371 1956 588 2024 occupaverunt.
616 1952 651 2026 [5]
672 1952 699 2009 Is
716 1956 779 2009 tum
800 1952 867 2010 llere
881 1953 964 2025 coepit
977 1958 1007 2011 et
1021 1972 1055 2013 os

160 2061 245 2101 suum
268 2042 510 2110 converberare¹¹,
537 2046 684 2098 maestusfl
706 2058 762 2097 non
776 2058 857 2098 suam
878 2042 979 2110 ricem,
1003 2047 1053 2101 sed

159 2136 275 2205 propter
295 2132 388 2202 ipsum
408 2129 629 2203 periclitantium
653 2129 785 2187 fratrum.
813 2130 848 2203 [6]
870 2130 1053 2203 Moveratque

156 2220 216 2294 jam
240 2238 337 2294 regem
362 2235 484 2294 quoque,
508 2234 564 2275 non
581 2217 742 2275 contionem
760 2220 883 2289 modost,
905 2222 955 2277 sed
978 2238 1052 2279 unus

159 2311 221 2365 erat
234 2308 419 2382 implacabilis
431 2308 528 2379 irater,
543 2306 603 2380 qui,
617 2304 738 2363 terribili
751 2307 833 2363 vultu
846 2307 960 2365 intuens
970 2326 1050 2366 eum:

160 2397 269 2463 «Tum,
285 2416 298 2449 r
321 2396 370 2465 ait,
392 2415 405 2449 c
426 2398 553 2468 demens,
568 2394 716 2452 lacrimare
730 2396 879 2467 debueras,
894 2415 959 2454 cum
980 2416 1052 2471 equo

182 2602 209 2645 11.
227 2606 245 2645 l.
259 2599 316 2657 opit,
336 2598 406 2655 plaido
422 2610 445 2641 sa
466 2610 535 2641 causo
551 2622 578 2631 -
630 2603 693 2642 carol
707 2597 786 2656 (oum),
803 2612 826 2643 ee
838 2600 877 2654 qui
898 2601 929 2644 lui
945 2601 1051 2648 amiticia

156 2670 176 2706 2.
188 2668 241 2706 onte
250 2666 282 2705 eat
293 2662 389 2713 dietum
403 2673 450 2716 roy.
460 2660 533 2715 Vll,1,
545 2667 577 2705 lo.
631 2661 659 2703 du
672 2665 722 2704 tort.
736 2685 762 2693 -
775 2671 795 2708 s.
811 2663 913 2717 alimus,
929 2676 984 2719 pour
994 2666 1051 2709 olio·

155 2743 182 2755 —
195 2732 215 2770 3.
226 2736 352 2776 coemere,
363 2722 577 2775 c'esl-a-dircpalra'o
630 2736 697 2779 rum;
709 2723 737 2766 cl.
750 2724 785 2776 111,
797 2737 828 2777 vr,
839 2731 893 2770 e.-
903 2734 926 2772 s.
943 2729 1052 2771 bertlan-

155 2799 228 2831 oeore.
249 2811 277 2821 —
293 2792 313 2831 4.
331 2792 405 2840 alque,
424 2790 445 2829 et
465 2788 575 2839 pourtant;
630 2790 682 2839 tem,
692 2798 740 2841 roy.
754 2786 818 2829 Rem.
833 2793 913 2831 loo-
926 2797 958 2833 lo.
969 2792 1049 2845 secoli,

156 2860 205 2903 roy.
217 2850 281 2892 Rem.
296 2856 341 2894 ¹52.
357 2871 384 2880 -
400 2854 420 2893 b,
431 2846 576 2899 innocentie,
630 2858 684 2901 pour
690 2849 814 2901 persecuti,
823 2848 843 2890 le
850 2849 927 2904 simple
937 2864 964 2893 au
972 2850 1014 2894 lieu
1022 2853 1050 2897 du

155 2920 204 2963 roy.
226 2912 290 2953 Rom.
308 2914 342 2955 le.
360 2933 387 2942 -
405 2916 425 2953 o.
441 2910 575 2962 errentur,
629 2911 737 2964 compose;
748 2911 869 2963 ropltom.
879 2914 1050 2957 sla-lmen-

156 2969 209 3013 da'ns
221 2970 241 3013 le
254 2982 304 3015 sens
315 2971 341 3015 do
352 2971 451 3015 mortni
465 2973 575 3021 velatur,
628 2972 756 3019 uerberare.
768 2983 817 3026 roy,
829 2972 892 3016 aem.
906 2980 932 3018 ³2
944 2987 966 3018 a.
976 2997 1003 3007 -
1017 2984 1048 3020 la.

155 3030 210 3073 n'ost
221 3042 260 3084 pas
270 3032 382 3088 classique.
394 3054 421 3065 -
432 3038 452 3077 7.
463 3030 525 3085 quod
539 3030 576 3073 ts-
628 3033 1048 3094 mutue,voy.ltm.es.-1e.moeo,
