<?xml version="1.0" encoding="UTF-8"?>
<!DOCTYPE html PUBLIC "-//W3C//DTD XHTML 1.0 Transitional//EN"
    "http://www.w3.org/TR/xhtml1/DTD/xhtml1-transitional.dtd">
<html xmlns="http://www.w3.org/1999/xhtml" xml:lang="en" lang="en">
 <head>
  <title>
</title>
<meta http-equiv="Content-Type" content="text/html;charset=utf-8" />
  <meta name='ocr-system' content='tesseract 3.04.00' />
  <meta name='ocr-capabilities' content='ocr_page ocr_carea ocr_par ocr_line ocrx_word'/>
</head>
<body>
  <div class='ocr_page' id='page_1' title='image "./qcurtiirufihist00vogegoog_0361.png"; bbox 0 0 2317 3500; ppageno 0'>
   <div class='ocr_carea' id='block_1_1' title="bbox 46 86 939 171">
    <p class='ocr_par' dir='ltr' id='par_1_1' title="bbox 46 86 939 171">
     <span class='ocr_line' id='line_1_1' title="bbox 46 86 939 171; baseline 0 -22"><span class='ocrx_word' id='word_1_1' title='bbox 46 87 128 169; x_wconf 70' lang='lat' dir='ltr'>[nur.</span> <span class='ocrx_word' id='word_1_2' title='bbox 146 86 216 171; x_wconf 77' lang='lat'><strong>326]</strong></span> <span class='ocrx_word' id='word_1_3' title='bbox 410 107 503 151; x_wconf 77' lang='lat' dir='ltr'>tisun</span> <span class='ocrx_word' id='word_1_4' title='bbox 526 107 568 151; x_wconf 83' lang='lat' dir='ltr'>rx.</span> <span class='ocrx_word' id='word_1_5' title='bbox 885 94 939 150; x_wconf 80' lang='lat'>341</span> 
     </span>
    </p>
   </div>
   <div class='ocr_carea' id='block_1_2' title="bbox 44 221 943 386">
    <p class='ocr_par' dir='ltr' id='par_1_2' title="bbox 44 221 943 386">
     <span class='ocr_line' id='line_1_2' title="bbox 45 221 943 297; baseline 0.003 -22"><span class='ocrx_word' id='word_1_6' title='bbox 45 221 175 294; x_wconf 75' lang='lat' dir='ltr'>draginta</span> <span class='ocrx_word' id='word_1_7' title='bbox 187 222 373 279; x_wconf 78' lang='lat' dir='ltr'>termestudia</span> <span class='ocrx_word' id='word_1_8' title='bbox 382 222 503 297; x_wconf 82' lang='lat' dir='ltr'>singulis</span> <span class='ocrx_word' id='word_1_9' title='bbox 513 224 613 281; x_wconf 89' lang='lat' dir='ltr'>diebus</span> <span class='ocrx_word' id='word_1_10' title='bbox 625 224 790 297; x_wconf 82' lang='lat' dir='ltr'>procedens,</span> <span class='ocrx_word' id='word_1_11' title='bbox 800 227 833 280; x_wconf 91' lang='lat' dir='ltr'>ut</span> <span class='ocrx_word' id='word_1_12' title='bbox 842 238 943 296; x_wconf 91' lang='lat' dir='ltr'>oppor-</span> 
     </span>
     <span class='ocr_line' id='line_1_3' title="bbox 44 311 694 386; baseline 0.006 -21"><span class='ocrx_word' id='word_1_13' title='bbox 44 311 122 367; x_wconf 90' lang='lat' dir='ltr'>tunis</span> <span class='ocrx_word' id='word_1_14' title='bbox 136 311 206 367; x_wconf 87' lang='lat' dir='ltr'>locis</span> <span class='ocrx_word' id='word_1_15' title='bbox 221 312 321 383; x_wconf 82' lang='lat' dir='ltr'>exponi</span> <span class='ocrx_word' id='word_1_16' title='bbox 335 312 455 370; x_wconf 83' lang='lat' dir='ltr'>subinde</span> <span class='ocrx_word' id='word_1_17' title='bbox 469 314 556 386; x_wconf 86' lang='lat' dir='ltr'>copiae</span> <span class='ocrx_word' id='word_1_18' title='bbox 568 316 694 386; x_wconf 79' lang='lat' dir='ltr'>possent.</span> 
     </span>
    </p>
   </div>
   <div class='ocr_carea' id='block_1_3' title="bbox 44 510 943 718">
    <p class='ocr_par' dir='ltr' id='par_1_3' title="bbox 44 510 943 718">
     <span class='ocr_line' id='line_1_4' title="bbox 44 510 943 576; baseline 0.003 -16"><span class='ocrx_word' id='word_1_19' title='bbox 44 510 190 575; x_wconf 78' lang='lat' dir='ltr'>Expedition</span> <span class='ocrx_word' id='word_1_20' title='bbox 203 511 331 560; x_wconf 89' lang='lat' dir='ltr'>contreles</span> <span class='ocrx_word' id='word_1_21' title='bbox 344 510 452 569; x_wconf 86' lang='lat' dir='ltr'>Sibiens,</span> <span class='ocrx_word' id='word_1_22' title='bbox 469 511 600 562; x_wconf 87' lang='lat' dir='ltr'>lesldalles</span> <span class='ocrx_word' id='word_1_23' title='bbox 609 516 635 562; x_wconf 88' lang='lat' dir='ltr'>et</span> <span class='ocrx_word' id='word_1_24' title='bbox 647 512 684 561; x_wconf 91' lang='lat' dir='ltr'>les</span> <span class='ocrx_word' id='word_1_25' title='bbox 697 511 866 576; x_wconf 78' lang='lat' dir='ltr'>Oxydraqucs.</span> <span class='ocrx_word' id='word_1_26' title='bbox 880 512 943 563; x_wconf 85' lang='lat' dir='ltr'>Nou·</span> 
     </span>
     <span class='ocr_line' id='line_1_5' title="bbox 75 582 942 647; baseline 0.003 -17"><span class='ocrx_word' id='word_1_27' title='bbox 75 596 139 631; x_wconf 83' lang='lat' dir='ltr'>vesu</span> <span class='ocrx_word' id='word_1_28' title='bbox 154 582 379 633; x_wconf 76' lang='lat' dir='ltr'>moeoutentement</span> <span class='ocrx_word' id='word_1_29' title='bbox 388 584 419 633; x_wconf 86' lang='lat' dir='ltr'>de</span> <span class='ocrx_word' id='word_1_30' title='bbox 436 583 545 634; x_wconf 76' lang='lat' dir='ltr'>l’armde.</span> <span class='ocrx_word' id='word_1_31' title='bbox 558 611 589 621; x_wconf 95' lang='lat'>—</span> <span class='ocrx_word' id='word_1_32' title='bbox 601 584 676 647; x_wconf 76' lang='lat' dir='ltr'>Siego</span> <span class='ocrx_word' id='word_1_33' title='bbox 687 584 718 633; x_wconf 91' lang='lat' dir='ltr'>de</span> <span class='ocrx_word' id='word_1_34' title='bbox 731 582 755 633; x_wconf 90' lang='lat' dir='ltr'>la</span> <span class='ocrx_word' id='word_1_35' title='bbox 774 582 880 647; x_wconf 86' lang='lat' dir='ltr'>capitale</span> <span class='ocrx_word' id='word_1_36' title='bbox 897 584 942 634; x_wconf 90' lang='lat' dir='ltr'>des</span> 
     </span>
     <span class='ocr_line' id='line_1_6' title="bbox 75 653 244 718; baseline -0.018 -14"><span class='ocrx_word' id='word_1_37' title='bbox 75 653 244 718; x_wconf 79' lang='lat' dir='ltr'>Oxydruques.</span> 
     </span>
    </p>
   </div>
   <div class='ocr_carea' id='block_1_4' title="bbox 43 810 1029 2510">
    <p class='ocr_par' dir='ltr' id='par_1_4' title="bbox 43 810 948 1594">
     <span class='ocr_line' id='line_1_7' title="bbox 81 810 944 887; baseline 0 -20"><span class='ocrx_word' id='word_1_38' title='bbox 81 810 128 868; x_wconf 92' lang='lat' dir='ltr'>lV.</span> <span class='ocrx_word' id='word_1_39' title='bbox 145 811 181 886; x_wconf 89' lang='grc'>[1]</span> <span class='ocrx_word' id='word_1_40' title='bbox 199 812 372 868; x_wconf 77' lang='lat' dir='ltr'>Perventum</span> <span class='ocrx_word' id='word_1_41' title='bbox 385 816 447 868; x_wconf 90' lang='lat' dir='ltr'>erat</span> <span class='ocrx_word' id='word_1_42' title='bbox 464 812 493 868; x_wconf 95' lang='lat' dir='ltr'>in</span> <span class='ocrx_word' id='word_1_43' title='bbox 507 813 656 887; x_wconf 83' lang='lat' dir='ltr'>regionem</span> <span class='ocrx_word' id='word_1_44' title='bbox 679 812 709 867; x_wconf 89' lang='lat' dir='ltr'>in</span> <span class='ocrx_word' id='word_1_45' title='bbox 726 829 782 885; x_wconf 85' lang='lat' dir='ltr'>quo</span> <span class='ocrx_word' id='word_1_46' title='bbox 796 811 944 883; x_wconf 86' lang='lat' dir='ltr'>Hydaspes</span> 
     </span>
     <span class='ocr_line' id='line_1_8' title="bbox 45 900 944 975; baseline -0.003 -19"><span class='ocrx_word' id='word_1_47' title='bbox 45 901 138 957; x_wconf 84' lang='lat' dir='ltr'>amnis</span> <span class='ocrx_word' id='word_1_48' title='bbox 152 900 264 957; x_wconf 79' lang='lat' dir='ltr'>Acesini</span> <span class='ocrx_word' id='word_1_49' title='bbox 278 900 475 958; x_wconf 85' lang='lat' dir='ltr'>committitur.</span> <span class='ocrx_word' id='word_1_50' title='bbox 485 903 518 975; x_wconf 81' lang='lat'>[2]</span> <span class='ocrx_word' id='word_1_51' title='bbox 529 903 601 959; x_wconf 90' lang='lat' dir='ltr'>Hinc</span> <span class='ocrx_word' id='word_1_52' title='bbox 617 902 762 960; x_wconf 87' lang='lat' dir='ltr'>decurrit¹</span> <span class='ocrx_word' id='word_1_53' title='bbox 776 900 806 955; x_wconf 91' lang='lat' dir='ltr'>in</span> <span class='ocrx_word' id='word_1_54' title='bbox 816 900 887 955; x_wconf 85' lang='lat' dir='ltr'>fines</span> <span class='ocrx_word' id='word_1_55' title='bbox 902 900 944 955; x_wconf 87' lang='lat' dir='ltr'>Si-</span> 
     </span>
     <span class='ocr_line' id='line_1_9' title="bbox 46 990 945 1065; baseline -0.002 -20"><span class='ocrx_word' id='word_1_56' title='bbox 46 993 157 1046; x_wconf 85' lang='lat' dir='ltr'>borum.</span> <span class='ocrx_word' id='word_1_57' title='bbox 169 990 204 1044; x_wconf 90' lang='lat' dir='ltr'>Hi</span> <span class='ocrx_word' id='word_1_58' title='bbox 219 990 272 1046; x_wconf 82' lang='lat' dir='ltr'>de¹</span> <span class='ocrx_word' id='word_1_59' title='bbox 282 990 405 1047; x_wconf 85' lang='lat' dir='ltr'>exercitu</span> <span class='ocrx_word' id='word_1_60' title='bbox 414 990 543 1048; x_wconf 88' lang='lat' dir='ltr'>Herculis</span> <span class='ocrx_word' id='word_1_61' title='bbox 555 992 678 1065; x_wconf 82' lang='lat' dir='ltr'>majores</span> <span class='ocrx_word' id='word_1_62' title='bbox 686 1006 755 1047; x_wconf 90' lang='lat' dir='ltr'>suos</span> <span class='ocrx_word' id='word_1_63' title='bbox 763 1004 827 1045; x_wconf 82' lang='lat' dir='ltr'>esse</span> <span class='ocrx_word' id='word_1_64' title='bbox 835 1003 945 1044; x_wconf 92' lang='lat' dir='ltr'>memo-</span> 
     </span>
     <span class='ocr_line' id='line_1_10' title="bbox 45 1073 945 1153; baseline -0.003 -20"><span class='ocrx_word' id='word_1_65' title='bbox 45 1083 111 1136; x_wconf 84' lang='lat' dir='ltr'>rant</span> <span class='ocrx_word' id='word_1_66' title='bbox 130 1098 137 1133; x_wconf 79' lang='lat' dir='ltr'><strong><em>z</em></strong></span> <span class='ocrx_word' id='word_1_67' title='bbox 159 1095 252 1151; x_wconf 81' lang='lat' dir='ltr'>aegros</span> <span class='ocrx_word' id='word_1_68' title='bbox 273 1078 387 1135; x_wconf 86' lang='lat' dir='ltr'>relictos</span> <span class='ocrx_word' id='word_1_69' title='bbox 405 1079 512 1152; x_wconf 84' lang='lat' dir='ltr'>cepisse</span> <span class='ocrx_word' id='word_1_70' title='bbox 538 1082 634 1137; x_wconf 90' lang='lat' dir='ltr'>sedem</span> <span class='ocrx_word' id='word_1_71' title='bbox 657 1096 743 1153; x_wconf 89' lang='lat' dir='ltr'>quam</span> <span class='ocrx_word' id='word_1_72' title='bbox 767 1075 821 1148; x_wconf 91' lang='lat' dir='ltr'>ipsi</span> <span class='ocrx_word' id='word_1_73' title='bbox 836 1073 945 1131; x_wconf 89' lang='lat' dir='ltr'>obtine-</span> 
     </span>
     <span class='ocr_line' id='line_1_11' title="bbox 44 1166 943 1241; baseline -0.007 -19"><span class='ocrx_word' id='word_1_74' title='bbox 44 1166 122 1224; x_wconf 89' lang='lat' dir='ltr'>bant.</span> <span class='ocrx_word' id='word_1_75' title='bbox 144 1168 177 1241; x_wconf 82' lang='lat'>[3]</span> <span class='ocrx_word' id='word_1_76' title='bbox 195 1168 288 1225; x_wconf 89' lang='lat' dir='ltr'>Pelles</span> <span class='ocrx_word' id='word_1_77' title='bbox 304 1169 427 1224; x_wconf 83' lang='lat' dir='ltr'>serarum</span> <span class='ocrx_word' id='word_1_78' title='bbox 446 1185 499 1240; x_wconf 90' lang='lat' dir='ltr'>pro</span> <span class='ocrx_word' id='word_1_79' title='bbox 523 1173 612 1241; x_wconf 85' lang='lat' dir='ltr'>veste,</span> <span class='ocrx_word' id='word_1_80' title='bbox 642 1170 728 1226; x_wconf 84' lang='lat' dir='ltr'>olavae</span> <span class='ocrx_word' id='word_1_81' title='bbox 754 1166 813 1222; x_wconf 81' lang='lat' dir='ltr'>tela</span> <span class='ocrx_word' id='word_1_82' title='bbox 838 1166 943 1221; x_wconf 85' lang='lat' dir='ltr'>erant:</span> 
     </span>
     <span class='ocr_line' id='line_1_12' title="bbox 47 1250 945 1328; baseline -0.008 -18"><span class='ocrx_word' id='word_1_83' title='bbox 47 1258 192 1328; x_wconf 86' lang='lat' dir='ltr'>multaque</span> <span class='ocrx_word' id='word_1_84' title='bbox 206 1257 302 1326; x_wconf 87' lang='lat' dir='ltr'>etiam,</span> <span class='ocrx_word' id='word_1_85' title='bbox 317 1273 381 1316; x_wconf 86' lang='lat' dir='ltr'>cum</span> <span class='ocrx_word' id='word_1_86' title='bbox 400 1258 489 1315; x_wconf 87' lang='lat' dir='ltr'>Graeci</span> <span class='ocrx_word' id='word_1_87' title='bbox 509 1276 605 1315; x_wconf 88' lang='lat' dir='ltr'>mores</span> <span class='ocrx_word' id='word_1_88' title='bbox 626 1254 826 1322; x_wconf 81' lang='lat' dir='ltr'>exolevissent,</span> <span class='ocrx_word' id='word_1_89' title='bbox 847 1250 945 1321; x_wconf 82' lang='lat' dir='ltr'>stirpis</span> 
     </span>
     <span class='ocr_line' id='line_1_13' title="bbox 47 1340 947 1420; baseline -0.009 -22"><span class='ocrx_word' id='word_1_90' title='bbox 47 1345 233 1401; x_wconf 74' lang='lat' dir='ltr'>ostendebant</span> <span class='ocrx_word' id='word_1_91' title='bbox 244 1346 375 1419; x_wconf 78' lang='lat' dir='ltr'>vestigia.</span> <span class='ocrx_word' id='word_1_92' title='bbox 385 1347 419 1420; x_wconf 74' lang='lat'>[4]</span> <span class='ocrx_word' id='word_1_93' title='bbox 432 1349 514 1417; x_wconf 82' lang='lat' dir='ltr'>Hinc,</span> <span class='ocrx_word' id='word_1_94' title='bbox 528 1347 712 1406; x_wconf 84' lang='lat' dir='ltr'>exscensione</span> <span class='ocrx_word' id='word_1_95' title='bbox 724 1346 816 1412; x_wconf 59' lang='lat' dir='ltr'>iacta,</span> <span class='ocrx_word' id='word_1_96' title='bbox 828 1358 861 1395; x_wconf 85' lang='lat' dir='ltr'>co</span> <span class='ocrx_word' id='word_1_97' title='bbox 882 1340 912 1393; x_wconf 90' lang='lat' dir='ltr'>et</span> <span class='ocrx_word' id='word_1_98' title='bbox 930 1352 947 1390; x_wconf 80' lang='lat' dir='ltr'>n</span> 
     </span>
     <span class='ocr_line' id='line_1_14' title="bbox 48 1430 948 1509; baseline 0.007 -22"><span class='ocrx_word' id='word_1_99' title='bbox 48 1432 139 1488; x_wconf 89' lang='lat' dir='ltr'>stadia</span> <span class='ocrx_word' id='word_1_100' title='bbox 152 1433 286 1503; x_wconf 79' lang='lat' dir='ltr'>excessit3</span> <span class='ocrx_word' id='word_1_101' title='bbox 301 1436 543 1509; x_wconf 85' lang='lat' dir='ltr'>depopulatusque</span> <span class='ocrx_word' id='word_1_102' title='bbox 557 1436 716 1509; x_wconf 84' lang='lat' dir='ltr'>regionem,</span> <span class='ocrx_word' id='word_1_103' title='bbox 739 1430 887 1504; x_wconf 65' lang='lat' dir='ltr'>oppidum,</span> <span class='ocrx_word' id='word_1_104' title='bbox 902 1439 948 1478; x_wconf 72' lang='lat'>⁰³·</span> 
     </span>
     <span class='ocr_line' id='line_1_15' title="bbox 43 1521 580 1594; baseline 0.007 -19"><span class='ocrx_word' id='word_1_105' title='bbox 43 1525 99 1591; x_wconf 53' lang='lat' dir='ltr'>,put</span> <span class='ocrx_word' id='word_1_106' title='bbox 110 1521 183 1593; x_wconf 81' lang='lat' dir='ltr'>ejus,</span> <span class='ocrx_word' id='word_1_107' title='bbox 198 1528 321 1578; x_wconf 76' lang='lat' dir='ltr'>corena³</span> <span class='ocrx_word' id='word_1_108' title='bbox 335 1523 417 1594; x_wconf 87' lang='lat' dir='ltr'>cepit.</span> <span class='ocrx_word' id='word_1_109' title='bbox 577 1524 580 1528; x_wconf 75' lang='grc'><em>’</em></span> 
     </span>
    </p>

    <p class='ocr_par' dir='ltr' id='par_1_5' title="bbox 46 1600 1029 2510">
     <span class='ocr_line' id='line_1_16' title="bbox 84 1600 953 1688; baseline -0.006 -24"><span class='ocrx_word' id='word_1_110' title='bbox 84 1609 118 1681; x_wconf 88' lang='grc'>[5]</span> <span class='ocrx_word' id='word_1_111' title='bbox 132 1626 169 1664; x_wconf 75' lang='lat' dir='ltr'>xo</span> <span class='ocrx_word' id='word_1_112' title='bbox 183 1610 310 1681; x_wconf 90' lang='lat' dir='ltr'>peditum</span> <span class='ocrx_word' id='word_1_113' title='bbox 328 1610 417 1666; x_wconf 88' lang='lat' dir='ltr'>millia</span> <span class='ocrx_word' id='word_1_114' title='bbox 431 1610 583 1683; x_wconf 70' lang='lat' dir='ltr'>aliagens⁴</span> <span class='ocrx_word' id='word_1_115' title='bbox 595 1610 624 1664; x_wconf 91' lang='lat' dir='ltr'>in</span> <span class='ocrx_word' id='word_1_116' title='bbox 638 1610 700 1681; x_wconf 87' lang='lat' dir='ltr'>ripa</span> <span class='ocrx_word' id='word_1_117' title='bbox 718 1600 891 1662; x_wconf 60' lang='lat' dir='ltr'>luminum</span> <span class='ocrx_word' id='word_1_118' title='bbox 907 1607 953 1688; x_wconf 64' lang='lat' dir='ltr'>(J&#39;P&#39;</span> 
     </span>
     <span class='ocr_line' id='line_1_17' title="bbox 48 1683 956 1772; baseline -0.011 -17"><span class='ocrx_word' id='word_1_119' title='bbox 48 1701 202 1772; x_wconf 75' lang='lat' dir='ltr'>posuerat,</span> <span class='ocrx_word' id='word_1_120' title='bbox 224 1715 297 1772; x_wconf 80' lang='lat' dir='ltr'>quae,</span> <span class='ocrx_word' id='word_1_121' title='bbox 312 1714 395 1756; x_wconf 87' lang='lat' dir='ltr'>amne</span> <span class='ocrx_word' id='word_1_122' title='bbox 417 1703 561 1771; x_wconf 88' lang='lat' dir='ltr'>superato,</span> <span class='ocrx_word' id='word_1_123' title='bbox 579 1698 610 1752; x_wconf 90' lang='lat' dir='ltr'>in</span> <span class='ocrx_word' id='word_1_124' title='bbox 628 1698 730 1769; x_wconf 84' lang='lat' dir='ltr'>lugam</span> <span class='ocrx_word' id='word_1_125' title='bbox 745 1683 896 1759; x_wconf 65' lang='lat' dir='ltr'>compulit,</span> <span class='ocrx_word' id='word_1_126' title='bbox 912 1692 956 1729; x_wconf 82' lang='lat'>¹¹¹·</span> 
     </span>
     <span class='ocr_line' id='line_1_18' title="bbox 48 1763 959 1862; baseline -0.027 -18"><span class='ocrx_word' id='word_1_127' title='bbox 48 1789 217 1862; x_wconf 81' lang='lat' dir='ltr'>clusosque⁸</span> <span class='ocrx_word' id='word_1_128' title='bbox 238 1787 378 1844; x_wconf 88' lang='lat' dir='ltr'>moenibus</span> <span class='ocrx_word' id='word_1_129' title='bbox 396 1790 548 1861; x_wconf 81' lang='lat' dir='ltr'>expugnat.</span> <span class='ocrx_word' id='word_1_130' title='bbox 565 1786 696 1842; x_wconf 89' lang='lat' dir='ltr'>Puberes</span> <span class='ocrx_word' id='word_1_131' title='bbox 710 1771 858 1838; x_wconf 81' lang='lat' dir='ltr'>interlecti</span> <span class='ocrx_word' id='word_1_132' title='bbox 878 1763 959 1823; x_wconf 76' lang='lat' dir='ltr'>sunt,</span> 
     </span>
     <span class='ocr_line' id='line_1_19' title="bbox 47 1857 963 1949; baseline -0.011 -18"><span class='ocrx_word' id='word_1_133' title='bbox 47 1875 135 1932; x_wconf 87' lang='lat' dir='ltr'>ceteri</span> <span class='ocrx_word' id='word_1_134' title='bbox 157 1875 316 1932; x_wconf 90' lang='lat' dir='ltr'>venierunt.</span> <span class='ocrx_word' id='word_1_135' title='bbox 339 1875 372 1949; x_wconf 85' lang='grc'>[6]</span> <span class='ocrx_word' id='word_1_136' title='bbox 393 1878 517 1933; x_wconf 80' lang='lat' dir='ltr'>Alteram</span> <span class='ocrx_word' id='word_1_137' title='bbox 543 1873 650 1930; x_wconf 90' lang='lat' dir='ltr'>deinde</span> <span class='ocrx_word' id='word_1_138' title='bbox 675 1871 781 1926; x_wconf 90' lang='lat' dir='ltr'>urbem</span> <span class='ocrx_word' id='word_1_139' title='bbox 796 1857 963 1929; x_wconf 67' lang='lat' dir='ltr'>expugnare</span> 
     </span>
     <span class='ocr_line' id='line_1_20' title="bbox 47 1933 969 2038; baseline -0.004 -18"><span class='ocrx_word' id='word_1_140' title='bbox 47 1965 175 2034; x_wconf 66' lang='lat' dir='ltr'>adortus</span> <span class='ocrx_word' id='word_1_141' title='bbox 210 1982 368 2038; x_wconf 85' lang='lat' dir='ltr'>magnaque</span> <span class='ocrx_word' id='word_1_142' title='bbox 394 1965 422 2022; x_wconf 81' lang='lat' dir='ltr'>ri</span> <span class='ocrx_word' id='word_1_143' title='bbox 447 1964 672 2022; x_wconf 79' lang='lat' dir='ltr'>defendentium</span> <span class='ocrx_word' id='word_1_144' title='bbox 702 1958 821 2029; x_wconf 65' lang='lat' dir='ltr'>pulsus,</span> <span class='ocrx_word' id='word_1_145' title='bbox 859 1933 969 1994; x_wconf 52' lang='lat' dir='ltr'>mmm</span> 
     </span>
     <span class='ocr_line' id='line_1_21' title="bbox 47 2027 983 2152; baseline -0.036 -42"><span class='ocrx_word' id='word_1_146' title='bbox 47 2055 234 2111; x_wconf 87' lang='lat' dir='ltr'>Macedonum</span> <span class='ocrx_word' id='word_1_147' title='bbox 257 2054 361 2112; x_wconf 85' lang='lat' dir='ltr'>amisit.</span> <span class='ocrx_word' id='word_1_148' title='bbox 384 2037 450 2124; x_wconf 78' lang='lat' dir='ltr'>Sed,</span> <span class='ocrx_word' id='word_1_149' title='bbox 471 2072 541 2112; x_wconf 91' lang='lat' dir='ltr'>cum</span> <span class='ocrx_word' id='word_1_150' title='bbox 556 2054 592 2111; x_wconf 89' lang='lat' dir='ltr'>in</span> <span class='ocrx_word' id='word_1_151' title='bbox 615 2048 776 2113; x_wconf 87' lang='lat' dir='ltr'>obsidione</span> <span class='ocrx_word' id='word_1_152' title='bbox 789 2027 983 2152; x_wconf 51' lang='grc' dir='ltr'>[εῖεενθΐὲἰ</span> 
     </span>
     <span class='ocr_line' id='line_1_22' title="bbox 46 2119 991 2236; baseline -0.041 -36"><span class='ocrx_word' id='word_1_153' title='bbox 46 2147 100 2209; x_wconf 85' lang='lat' dir='ltr'>set,</span> <span class='ocrx_word' id='word_1_154' title='bbox 128 2144 271 2217; x_wconf 89' lang='lat' dir='ltr'>oppidani,</span> <span class='ocrx_word' id='word_1_155' title='bbox 296 2145 443 2217; x_wconf 89' lang='lat' dir='ltr'>desperata</span> <span class='ocrx_word' id='word_1_156' title='bbox 466 2147 585 2218; x_wconf 86' lang='lat' dir='ltr'>salute,</span> <span class='ocrx_word' id='word_1_157' title='bbox 610 2147 723 2223; x_wconf 83' lang='lat' dir='ltr'>ignem</span> <span class='ocrx_word' id='word_1_158' title='bbox 750 2119 901 2192; x_wconf 64' lang='lat' dir='ltr'>subponere</span> <span class='ocrx_word' id='word_1_159' title='bbox 923 2181 991 2236; x_wconf 42' lang='lat' dir='ltr'>nv.</span> 
     </span>
     <span class='ocr_line' id='line_1_23' title="bbox 46 2203 1005 2327; baseline -0.04 -38"><span class='ocrx_word' id='word_1_160' title='bbox 46 2232 84 2290; x_wconf 85' lang='lat' dir='ltr'>tis</span> <span class='ocrx_word' id='word_1_161' title='bbox 111 2249 197 2308; x_wconf 89' lang='lat' dir='ltr'>seque</span> <span class='ocrx_word' id='word_1_162' title='bbox 217 2239 267 2290; x_wconf 74' lang='lat' dir='ltr'>ac⁷</span> <span class='ocrx_word' id='word_1_163' title='bbox 286 2234 390 2292; x_wconf 89' lang='lat' dir='ltr'>liberos</span> <span class='ocrx_word' id='word_1_164' title='bbox 414 2236 634 2312; x_wconf 74' lang='lat' dir='ltr'>conjugesqun</span> <span class='ocrx_word' id='word_1_165' title='bbox 653 2217 807 2295; x_wconf 79' lang='lat' dir='ltr'>incendio</span> <span class='ocrx_word' id='word_1_166' title='bbox 828 2203 1005 2327; x_wconf 43' lang='lat' dir='ltr'>mentitum</span> 
     </span>
     <span class='ocr_line' id='line_1_24' title="bbox 48 2295 1014 2422; baseline -0.036 -48"><span class='ocrx_word' id='word_1_167' title='bbox 48 2320 80 2393; x_wconf 81' lang='lat'>[7]</span> <span class='ocrx_word' id='word_1_168' title='bbox 101 2323 183 2390; x_wconf 84' lang='lat' dir='ltr'>Quod</span> <span class='ocrx_word' id='word_1_169' title='bbox 197 2340 261 2379; x_wconf 90' lang='lat' dir='ltr'>cum</span> <span class='ocrx_word' id='word_1_170' title='bbox 269 2323 326 2394; x_wconf 90' lang='lat' dir='ltr'>ipsi</span> <span class='ocrx_word' id='word_1_171' title='bbox 350 2330 500 2398; x_wconf 81' lang='lat' dir='ltr'>augerent,</span> <span class='ocrx_word' id='word_1_172' title='bbox 524 2325 649 2392; x_wconf 68' lang='lat' dir='ltr'>hostes</span> <span class='ocrx_word' id='word_1_173' title='bbox 666 2295 1014 2422; x_wconf 46' lang='lat' dir='ltr'>exsunssffitns⁸anleu⁶</span> 
     </span>
     <span class='ocr_line' id='line_1_25' title="bbox 48 2381 1029 2510; baseline 0 -46"><span class='ocrx_word' id='word_1_174' title='bbox 48 2410 138 2466; x_wconf 81' lang='lat' dir='ltr'>torma</span> <span class='ocrx_word' id='word_1_175' title='bbox 151 2429 253 2484; x_wconf 82' lang='lat' dir='ltr'>pugnae</span> <span class='ocrx_word' id='word_1_176' title='bbox 268 2416 337 2468; x_wconf 86' lang='lat' dir='ltr'>erat.</span> <span class='ocrx_word' id='word_1_177' title='bbox 350 2415 486 2472; x_wconf 86' lang='lat' dir='ltr'>Delebant</span> <span class='ocrx_word' id='word_1_178' title='bbox 505 2415 638 2482; x_wconf 80' lang='lat' dir='ltr'>incolas</span> <span class='ocrx_word' id='word_1_179' title='bbox 648 2409 808 2485; x_wconf 47' lang='lat' dir='ltr'>urbem&amp;</span> <span class='ocrx_word' id='word_1_180' title='bbox 829 2381 1029 2510; x_wconf 45' lang='lat' dir='ltr'>Q{gnesnensi</span> 
     </span>
    </p>
   </div>
   <div class='ocr_carea' id='block_1_5' title="bbox 45 2485 1043 2679">
    <p class='ocr_par' dir='ltr' id='par_1_6' title="bbox 45 2485 1043 2679">
     <span class='ocr_line' id='line_1_26' title="bbox 46 2485 1043 2582; baseline 0.002 -27"><span class='ocrx_word' id='word_1_181' title='bbox 46 2500 252 2558; x_wconf 77' lang='lat' dir='ltr'>debantzadeo</span> <span class='ocrx_word' id='word_1_182' title='bbox 275 2503 359 2560; x_wconf 89' lang='lat' dir='ltr'>etiam</span> <span class='ocrx_word' id='word_1_183' title='bbox 379 2510 491 2564; x_wconf 86' lang='lat' dir='ltr'>naturae</span> <span class='ocrx_word' id='word_1_184' title='bbox 519 2506 619 2582; x_wconf 70' lang='lat' dir='ltr'>jura</span> <span class='ocrx_word' id='word_1_185' title='bbox 631 2502 780 2582; x_wconf 56' lang='lat' dir='ltr'>helluffi</span> <span class='ocrx_word' id='word_1_186' title='bbox 802 2485 842 2526; x_wconf 62' lang='lat' dir='ltr'>m</span> <span class='ocrx_word' id='word_1_187' title='bbox 900 2500 1043 2579; x_wconf 50' lang='lat' dir='ltr'>medium</span> 
     </span>
     <span class='ocr_line' id='line_1_27' title="bbox 45 2549 903 2679; baseline 0.006 -35"><span class='ocrx_word' id='word_1_188' title='bbox 45 2590 154 2644; x_wconf 83' lang='lat' dir='ltr'>mutati</span> <span class='ocrx_word' id='word_1_189' title='bbox 179 2587 287 2661; x_wconf 72' lang='lat' dir='ltr'>[tillim</span> <span class='ocrx_word' id='word_1_190' title='bbox 314 2595 373 2648; x_wconf 89' lang='lat' dir='ltr'>erat</span> <span class='ocrx_word' id='word_1_191' title='bbox 392 2595 490 2668; x_wconf 83' lang='lat' dir='ltr'>oppidi</span> <span class='ocrx_word' id='word_1_192' title='bbox 529 2596 688 2679; x_wconf 46' lang='lat' dir='ltr'>intaeta,</span> <span class='ocrx_word' id='word_1_193' title='bbox 723 2590 776 2650; x_wconf 74' lang='lat'>&#39;11¹</span> <span class='ocrx_word' id='word_1_194' title='bbox 832 2549 903 2602; x_wconf 53' lang='lat' dir='ltr'><strong>M</strong></span> 
     </span>
    </p>
   </div>
   <div class='ocr_carea' id='block_1_6' title="bbox 71 2705 461 2761">
    <p class='ocr_par' dir='ltr' id='par_1_7' title="bbox 71 2705 461 2761">
     <span class='ocr_line' id='line_1_28' title="bbox 71 2705 461 2761; baseline 0.028 -13"><span class='ocrx_word' id='word_1_195' title='bbox 71 2706 109 2749; x_wconf 90' lang='lat' dir='ltr'>IV.</span> <span class='ocrx_word' id='word_1_196' title='bbox 123 2713 141 2749; x_wconf 85' lang='lat' dir='ltr'>l.</span> <span class='ocrx_word' id='word_1_197' title='bbox 156 2705 264 2761; x_wconf 57' lang='grc' dir='ltr'>ἀεσιιηΐέ,</span> <span class='ocrx_word' id='word_1_198' title='bbox 277 2707 308 2750; x_wconf 85' lang='lat' dir='ltr'>les</span> <span class='ocrx_word' id='word_1_199' title='bbox 318 2707 370 2751; x_wconf 81' lang='lat' dir='ltr'>deux</span> <span class='ocrx_word' id='word_1_200' title='bbox 383 2711 461 2758; x_wconf 80' lang='lat' dir='ltr'>donnes</span> 
     </span>
    </p>
   </div>
   <div class='ocr_carea' id='block_1_7' title="bbox 43 2954 954 3142">
    <p class='ocr_par' dir='ltr' id='par_1_8' title="bbox 43 2954 954 3142">
     <span class='ocr_line' id='line_1_29' title="bbox 44 2954 917 3024; baseline 0.022 -28"><span class='ocrx_word' id='word_1_201' title='bbox 44 2954 152 3009; x_wconf 51' lang='grc' dir='ltr'>Μεθύερ).</span> <span class='ocrx_word' id='word_1_202' title='bbox 169 2979 194 2990; x_wconf 91' lang='grc'><strong>-</strong></span> <span class='ocrx_word' id='word_1_203' title='bbox 210 2962 229 3000; x_wconf 81' lang='lat'>5.</span> <span class='ocrx_word' id='word_1_204' title='bbox 242 2960 376 3017; x_wconf 74' lang='lat' dir='ltr'>fluminum,</span> <span class='ocrx_word' id='word_1_205' title='bbox 398 2980 454 3022; x_wconf 84' lang='lat' dir='ltr'>pour</span> <span class='ocrx_word' id='word_1_206' title='bbox 476 2971 482 2978; x_wconf 93' lang='grc'><em>“</em></span> <span class='ocrx_word' id='word_1_207' title='bbox 529 2972 648 3018; x_wconf 77' lang='lat' dir='ltr'>mines</span> <span class='ocrx_word' id='word_1_208' title='bbox 661 2970 728 3024; x_wconf 70' lang='lat' dir='ltr'>dont</span> <span class='ocrx_word' id='word_1_209' title='bbox 880 2990 917 3014; x_wconf 89' lang='lat'>.··</span> 
     </span>
     <span class='ocr_line' id='line_1_30' title="bbox 43 3018 954 3097; baseline 0.034 -40"><span class='ocrx_word' id='word_1_210' title='bbox 43 3025 115 3061; x_wconf 71' lang='lat' dir='ltr'>mnne.</span> <span class='ocrx_word' id='word_1_211' title='bbox 138 3018 163 3070; x_wconf 82' lang='lat' dir='ltr'>Q.</span> <span class='ocrx_word' id='word_1_212' title='bbox 181 3018 245 3090; x_wconf 70' lang='lat' dir='ltr'>curce</span> <span class='ocrx_word' id='word_1_213' title='bbox 264 3021 370 3070; x_wconf 77' lang='lat' dir='ltr'>considere</span> <span class='ocrx_word' id='word_1_214' title='bbox 391 3029 452 3087; x_wconf 71' lang='lat' dir='ltr'>lily·</span> <span class='ocrx_word' id='word_1_215' title='bbox 528 3036 658 3082; x_wconf 75' lang='lat' dir='ltr'>millia.</span> <span class='ocrx_word' id='word_1_216' title='bbox 671 3028 746 3071; x_wconf 56' lang='lat'>27‘</span> <span class='ocrx_word' id='word_1_217' title='bbox 793 3023 954 3097; x_wconf 64' lang='lat' dir='ltr'>mW¹¹⁰</span> 
     </span>
     <span class='ocr_line' id='line_1_31' title="bbox 43 3073 792 3142; baseline 0.035 -23"><span class='ocrx_word' id='word_1_218' title='bbox 43 3074 103 3131; x_wconf 75' lang='lat' dir='ltr'>daspo</span> <span class='ocrx_word' id='word_1_219' title='bbox 118 3083 139 3122; x_wconf 85' lang='lat' dir='ltr'>ot</span> <span class='ocrx_word' id='word_1_220' title='bbox 153 3080 265 3126; x_wconf 75' lang='lat' dir='ltr'>l&#39;Actsmts</span> <span class='ocrx_word' id='word_1_221' title='bbox 282 3085 350 3130; x_wconf 60' lang='lat' dir='ltr'>hotot</span> <span class='ocrx_word' id='word_1_222' title='bbox 369 3101 450 3140; x_wconf 75' lang='lat' dir='ltr'>commo</span> <span class='ocrx_word' id='word_1_223' title='bbox 532 3101 604 3142; x_wconf 83' lang='lat'>157.</span> <span class='ocrx_word' id='word_1_224' title='bbox 619 3121 654 3134; x_wconf 88' lang='lat'><em>-</em></span> <span class='ocrx_word' id='word_1_225' title='bbox 675 3103 699 3141; x_wconf 80' lang='grc'>8·</span> <span class='ocrx_word' id='word_1_226' title='bbox 712 3073 792 3129; x_wconf 60' lang='grc' dir='ltr'>θ”θ</span> 
     </span>
    </p>
   </div>
   <div class='ocr_carea' id='block_1_8' title="bbox 0 0 1164 3500">
    <p class='ocr_par' dir='ltr' id='par_1_9' title="bbox 0 0 1164 3500">
     <span class='ocr_line' id='line_1_32' title="bbox 0 0 1164 3500; baseline 0 0"><span class='ocrx_word' id='word_1_227' title='bbox 0 0 1164 3500; x_wconf 95' lang='lat' dir='ltr'> </span> 
     </span>
    </p>
   </div>
  </div>
 </body>
</html>
