2317 3500
6 67 13 148 ζ
86 62 174 142 [auu.
194 60 264 139 326]
459 78 553 123 nisus
575 80 618 122 ix.
929 64 987 119 337

6 200 9 207 ’
86 189 139 264 [30]
159 190 230 245 Date
249 189 302 245 hoc
323 188 453 259 precibus
472 188 553 257 meis,
575 194 603 245 et
621 189 735 244 tandem
755 188 929 245 obstinatum
947 186 988 242 si-

86 279 208 335 lentium
226 277 359 347 rumpite.
382 276 437 332 Ubi
458 281 502 333 ost
515 277 563 333 ille
583 278 700 347 clamor,
718 278 872 335 alacritatis
886 280 987 333 vestrae

6 398 12 439 ·.
85 367 190 424 index?
202 366 249 421 ubi
259 366 307 421 ille
319 381 448 421 meorum
462 365 645 421 Macedonum
657 366 774 422 vultus?
786 364 849 421 Non
863 379 986 436 agnosco

6 500 12 508 .
86 473 149 527 vos,
172 453 286 520 milites,
306 470 358 509 nec
378 453 494 527 agnosci
514 454 613 509 videor
634 470 651 510 a
671 452 762 509 vobis.
788 453 896 509 Surdas
914 452 988 523 jam-

7 576 11 612 ἶ
88 546 197 600 dudum
212 558 295 598 aures
305 543 387 614 pulso
400 565 407 610 ;
422 558 537 599 aversos
549 542 660 599 animos
674 546 703 597 et
716 543 851 599 infractos
866 542 987 597 excitare

7 666 12 701 2
87 650 185 688 conor.
201 652 214 684 n

125 720 176 793 [31]
190 719 317 791 Cumque
336 719 388 787 illi,
407 719 437 774 in
455 724 562 776 terram
576 721 709 778 demissis
728 720 876 793 capitibus,
896 723 988 775 tacere

6 851 12 882 p
88 812 324 880 perseuerarent:
351 827 366 861 α
383 806 486 864 Nescio
507 808 575 880 quid
598 828 626 876 o,
645 808 749 881 inquit,
779 808 842 863 nin
865 822 915 863 vos
935 806 988 861 im·

87 898 212 969 prudens
234 896 349 968 deliqui,
371 897 448 967 quod
463 913 510 953 me
527 914 563 953 ne
582 896 687 953 intueri
707 897 823 970 quidem
838 894 934 953 vultis.
956 893 988 949 lu

7 1027 11 1045 =.
88 985 243 1041 solitudine
250 985 320 1041 mihi
332 985 430 1041 videor
442 986 784 1057 esseNemorespondot,
793 1001 876 1041 nemo
887 986 988 1041 saltem

88 1079 183 1147 negat.
208 1074 286 1141 Quos
304 1075 457 1147 alloquor?
474 1075 543 1147 quid
561 1077 689 1131 autcm³¹
703 1074 839 1146 postulo?
857 1074 988 1128 Vestram

6 1205 10 1242 ÷
89 1163 210 1235 gloriam
231 1167 260 1220 et
281 1163 509 1235 magnitudinem
526 1163 746 1221 vindicamusn.
771 1162 822 1235 [32]
845 1160 900 1218 Ubi
922 1164 989 1217 sunt

7 1306 11 1315 ,
89 1252 141 1322 illi,
157 1269 279 1325 quorum
290 1257 433 1309 certamen
450 1254 535 1324 paulo
549 1256 615 1309 ante
627 1252 684 1309 vidi
694 1251 927 1309 contendentium
940 1249 988 1321 qui

7 1399 10 1405 ,
90 1339 270 1411 potissimum
292 1342 431 1397 vulnerati
459 1341 537 1413 regis
559 1357 662 1412 corpus
684 1340 870 1410 exciperent?
897 1340 990 1393 deser-

7 1497 10 1507 Ι
90 1431 147 1496 tus,
162 1429 314 1485 destitutus
327 1446 403 1495 sum,
413 1430 544 1486 hostibus
555 1431 678 1487 deditus.
697 1430 748 1503 [33]
766 1429 823 1485 Sed
833 1429 990 1499 solusquo-

7 1586 10 1596 1
91 1532 145 1587 que
158 1515 200 1571 ire
211 1518 405 1586 perseverabo.
423 1518 543 1588 Objioite
556 1535 602 1574 ms
616 1518 790 1585 [luminibus
807 1522 835 1573 et
847 1516 948 1583 beluis
961 1519 990 1571 et

7 1635 10 1687 3
92 1602 148 1660 illis
168 1605 301 1675 gentibus
319 1621 440 1675 quarum
455 1604 604 1660 nomina³³
622 1605 756 1674 horretis.
777 1603 922 1659 Inveniam
941 1602 990 1673 qui

6 1757 10 1764 ,
94 1690 236 1745 desertum
249 1707 266 1745 a
280 1689 359 1746 vobis
374 1694 530 1763 sequantur
546 1711 553 1745 z
569 1690 681 1761 Scythae
693 1689 891 1760 Bactrianique
906 1692 991 1742 erunt

93 1795 213 1847 mecum,
227 1779 325 1836 hostes
333 1779 416 1857 paulo
426 1783 502 1844 ante,
513 1795 589 1834 nunc
598 1778 704 1834 milites
712 1777 843 1833 nostriss.
854 1776 905 1847 [31³]
918 1776 991 1830 Mori

6 1932 9 1939 ¹
93 1869 207 1937 praestat
220 1867 473 1939 quamprecario'e‘
488 1866 689 1938 imperatorem
712 1881 784 1921 esse.
809 1863 849 1919 lte
875 1863 991 1918 reduces

7 2013 22 2035 1,
94 1958 207 2012 domosl
223 1956 273 2020 ite,
291 1958 403 2013 deserto
423 1973 503 2029 rege,
522 1957 652 2012 ovantesl
678 1953 738 2028 Ego
755 1942 833 2010 hic'a
846 1950 926 2010 vobis
942 1952 992 2008 do-

95 2048 213 2114 speratae
229 2045 354 2101 victorin
379 2047 430 2101 aut
443 2045 570 2101 honesta
590 2042 677 2098 morti
696 2043 791 2098 locum
812 2039 988 2098 inveniam.»

131 2300 210 2352 Genus
222 2300 257 2351 lui
267 2301 362 2367 repond
374 2314 406 2350 au
422 2315 480 2350 nom
495 2300 526 2349 de
538 2299 648 2348 l'armte.
663 2325 694 2336 -
706 2297 844 2348 Alexandra
856 2297 952 2349 revienl

309 2388 352 2422 sur
365 2387 406 2422 ses
420 2387 474 2436 pas.
487 2372 506 2421 ll
519 2370 626 2422 descend
642 2369 781 2434 l’llydaspc.

133 2533 181 2589 lll.
193 2535 226 2607 [1]
240 2537 282 2592 Ne
296 2536 337 2592 sie
351 2536 481 2608 quidem¹
499 2537 548 2592 ulli
563 2535 686 2592 militum
697 2553 750 2592 vox
760 2536 877 2608 exprimi
890 2536 991 2607 potuit.

99 2623 302 2693 Exspectahant
316 2628 348 2679 ut
360 2626 444 2680 duces
458 2624 656 2698 principesque
665 2625 700 2680 ad
713 2641 810 2696 regem
823 2624 992 2696 perferrent,

99 2711 262 2769 vulneribus
275 2715 303 2768 et
314 2713 448 2769 continuo
462 2713 560 2770 labore
582 2712 690 2769 militiae
709 2713 854 2784 fatigatos,
870 2726 927 2765 non
947 2710 995 2764 de-

102 2921 132 2958 tt.
159 2915 216 2968 quid
236 2919 321 2969 nutem,
339 2913 445 2969 quest-ce
460 2916 530 2963 donc.
571 2915 637 2960 scula.
650 2938 677 2948 -
686 2921 719 2960 at.
729 2915 814 2965 noem,
825 2925 872 2966 roy.
886 2912 947 2956 Heln.
961 2921 992 2958 aa.

101 2976 158 3031 que?
176 2999 204 3010 —
225 2984 257 3022 32.
286 2978 445 3027 vindicamus,
470 2989 518 3030 vor.
572 3001 597 3012 -
613 2976 967 3033 35.prccnrto,voy.llem.ltd.

102 3039 161 3080 Rem.
172 3045 204 3083 ⁶2.
213 3061 241 3072 -
252 3046 285 3084 33.
296 3041 405 3095 mmm,
417 3041 449 3084 les
459 3052 520 3085 coms
600 3039 634 3082 111.
650 3047 667 3083 l.
679 3050 708 3081 nc
717 3038 753 3081 sic
769 3038 870 3092 quidem,
883 3037 961 3092 malpel
971 3049 994 3080 oo

160 3129 349 3174 numdandum.
843 3117 872 3166 22
