<?xml version="1.0" encoding="UTF-8"?>
<!DOCTYPE html PUBLIC "-//W3C//DTD XHTML 1.0 Transitional//EN"
    "http://www.w3.org/TR/xhtml1/DTD/xhtml1-transitional.dtd">
<html xmlns="http://www.w3.org/1999/xhtml" xml:lang="en" lang="en">
 <head>
  <title>
</title>
<meta http-equiv="Content-Type" content="text/html;charset=utf-8" />
  <meta name='ocr-system' content='tesseract 3.04.00' />
  <meta name='ocr-capabilities' content='ocr_page ocr_carea ocr_par ocr_line ocrx_word'/>
</head>
<body>
  <div class='ocr_page' id='page_1' title='image "./qcurtiirufihist00vogegoog_0161.png"; bbox 0 0 2317 3500; ppageno 0'>
   <div class='ocr_carea' id='block_1_1' title="bbox 87 165 971 268">
    <p class='ocr_par' dir='ltr' id='par_1_1' title="bbox 87 165 971 268">
     <span class='ocr_line' id='line_1_1' title="bbox 87 165 971 268; baseline -0.007 -18"><span class='ocrx_word' id='word_1_1' title='bbox 87 165 287 264; x_wconf 55' lang='lat' dir='ltr'>[swerman</span> <span class='ocrx_word' id='word_1_2' title='bbox 311 184 380 268; x_wconf 79' lang='lat'>330]</span> <span class='ocrx_word' id='word_1_3' title='bbox 442 203 535 247; x_wconf 75' lang='lat' dir='ltr'>uranu</span> <span class='ocrx_word' id='word_1_4' title='bbox 558 204 586 246; x_wconf 87' lang='lat' dir='ltr'>v.</span> <span class='ocrx_word' id='word_1_5' title='bbox 917 187 971 244; x_wconf 71' lang='lat'>145</span> 
     </span>
    </p>
   </div>
   <div class='ocr_carea' id='block_1_2' title="bbox 57 315 977 2758">
    <p class='ocr_par' dir='ltr' id='par_1_2' title="bbox 84 315 976 1698">
     <span class='ocr_line' id='line_1_2' title="bbox 84 315 970 390; baseline -0.002 -14"><span class='ocrx_word' id='word_1_6' title='bbox 84 335 143 376; x_wconf 87' lang='lat' dir='ltr'>esse</span> <span class='ocrx_word' id='word_1_7' title='bbox 153 323 311 387; x_wconf 81' lang='lat' dir='ltr'>cernerent,</span> <span class='ocrx_word' id='word_1_8' title='bbox 323 319 449 374; x_wconf 82' lang='lat' dir='ltr'>volentes</span> <span class='ocrx_word' id='word_1_9' title='bbox 459 315 519 390; x_wconf 85' lang='lat' dir='ltr'>regi</span> <span class='ocrx_word' id='word_1_10' title='bbox 530 333 677 374; x_wconf 89' lang='lat' dir='ltr'>occurrere</span> <span class='ocrx_word' id='word_1_11' title='bbox 690 334 746 373; x_wconf 90' lang='lat' dir='ltr'>non</span> <span class='ocrx_word' id='word_1_12' title='bbox 757 316 970 388; x_wconf 80' lang='lat' dir='ltr'>prohibuerant.</span> 
     </span>
     <span class='ocr_line' id='line_1_3' title="bbox 87 404 972 480; baseline -0.001 -17"><span class='ocrx_word' id='word_1_13' title='bbox 87 409 117 480; x_wconf 84' lang='lat'>[7]</span> <span class='ocrx_word' id='word_1_14' title='bbox 144 407 289 464; x_wconf 79' lang='lat' dir='ltr'>Invisitata</span> <span class='ocrx_word' id='word_1_15' title='bbox 306 406 482 473; x_wconf 69' lang='lat' dir='ltr'>simulacrail,</span> <span class='ocrx_word' id='word_1_16' title='bbox 498 422 554 461; x_wconf 92' lang='lat' dir='ltr'>non</span> <span class='ocrx_word' id='word_1_17' title='bbox 574 405 714 472; x_wconf 87' lang='lat' dir='ltr'>homines,</span> <span class='ocrx_word' id='word_1_18' title='bbox 728 404 907 470; x_wconf 87' lang='lat' dir='ltr'>videbantur,</span> <span class='ocrx_word' id='word_1_19' title='bbox 921 422 972 462; x_wconf 89' lang='lat' dir='ltr'>nec</span> 
     </span>
     <span class='ocr_line' id='line_1_4' title="bbox 86 495 973 568; baseline 0 -18"><span class='ocrx_word' id='word_1_20' title='bbox 86 496 232 568; x_wconf 88' lang='lat' dir='ltr'>quicquam</span> <span class='ocrx_word' id='word_1_21' title='bbox 252 497 282 551; x_wconf 93' lang='lat' dir='ltr'>in</span> <span class='ocrx_word' id='word_1_22' title='bbox 298 495 355 551; x_wconf 88' lang='lat' dir='ltr'>illis</span> <span class='ocrx_word' id='word_1_23' title='bbox 373 498 475 567; x_wconf 84' lang='lat' dir='ltr'>praeter</span> <span class='ocrx_word' id='word_1_24' title='bbox 488 511 586 550; x_wconf 83' lang='lat' dir='ltr'>vocem</span> <span class='ocrx_word' id='word_1_25' title='bbox 601 498 712 565; x_wconf 90' lang='lat' dir='ltr'>poterat</span> <span class='ocrx_word' id='word_1_26' title='bbox 726 495 850 566; x_wconf 82' lang='lat' dir='ltr'>agnosci.</span> <span class='ocrx_word' id='word_1_27' title='bbox 872 495 973 551; x_wconf 87' lang='lat' dir='ltr'>Plures</span> 
     </span>
     <span class='ocr_line' id='line_1_5' title="bbox 86 581 973 656; baseline -0.001 -17"><span class='ocrx_word' id='word_1_28' title='bbox 86 583 307 656; x_wconf 80' lang='lat' dir='ltr'>igiturlacrimas</span> <span class='ocrx_word' id='word_1_29' title='bbox 319 599 496 640; x_wconf 87' lang='lat' dir='ltr'>commovere</span> <span class='ocrx_word' id='word_1_30' title='bbox 509 599 594 655; x_wconf 89' lang='lat' dir='ltr'>quam</span> <span class='ocrx_word' id='word_1_31' title='bbox 603 581 786 652; x_wconf 75' lang='lat' dir='ltr'>profuderant</span> <span class='ocrx_word' id='word_1_32' title='bbox 794 582 846 654; x_wconf 93' lang='lat' dir='ltr'>ipsi</span> <span class='ocrx_word' id='word_1_33' title='bbox 855 603 861 637; x_wconf 75' lang='grc' dir='ltr'>ι</span> <span class='ocrx_word' id='word_1_34' title='bbox 871 581 973 656; x_wconf 88' lang='lat' dir='ltr'>quippe</span> 
     </span>
     <span class='ocr_line' id='line_1_6' title="bbox 86 670 973 744; baseline 0 -18"><span class='ocrx_word' id='word_1_35' title='bbox 86 672 113 727; x_wconf 90' lang='lat' dir='ltr'>in</span> <span class='ocrx_word' id='word_1_36' title='bbox 130 677 186 728; x_wconf 89' lang='lat' dir='ltr'>tam</span> <span class='ocrx_word' id='word_1_37' title='bbox 204 671 351 744; x_wconf 90' lang='lat' dir='ltr'>multiplici</span> <span class='ocrx_word' id='word_1_38' title='bbox 374 671 508 743; x_wconf 87' lang='lat' dir='ltr'>variaque</span> <span class='ocrx_word' id='word_1_39' title='bbox 528 672 643 726; x_wconf 90' lang='lat' dir='ltr'>fortuna</span> <span class='ocrx_word' id='word_1_40' title='bbox 657 671 847 742; x_wconf 82' lang='lat' dir='ltr'>singulorum,</span> <span class='ocrx_word' id='word_1_41' title='bbox 863 670 973 726; x_wconf 89' lang='lat' dir='ltr'>intuen-</span> 
     </span>
     <span class='ocr_line' id='line_1_7' title="bbox 86 757 974 832; baseline -0.001 -17"><span class='ocrx_word' id='word_1_42' title='bbox 86 761 158 815; x_wconf 90' lang='lat' dir='ltr'>tibus</span> <span class='ocrx_word' id='word_1_43' title='bbox 178 759 284 816; x_wconf 90' lang='lat' dir='ltr'>similes</span> <span class='ocrx_word' id='word_1_44' title='bbox 305 761 430 832; x_wconf 87' lang='lat' dir='ltr'>quidem,</span> <span class='ocrx_word' id='word_1_45' title='bbox 451 760 500 815; x_wconf 92' lang='lat' dir='ltr'>sed</span> <span class='ocrx_word' id='word_1_46' title='bbox 519 762 614 816; x_wconf 89' lang='lat' dir='ltr'>tamen</span> <span class='ocrx_word' id='word_1_47' title='bbox 637 759 763 829; x_wconf 86' lang='lat' dir='ltr'>dispares</span> <span class='ocrx_word' id='word_1_48' title='bbox 782 773 889 830; x_wconf 82' lang='lat' dir='ltr'>poenas,</span> <span class='ocrx_word' id='word_1_49' title='bbox 910 757 974 829; x_wconf 93' lang='lat' dir='ltr'>quis</span> 
     </span>
     <span class='ocr_line' id='line_1_8' title="bbox 86 847 974 921; baseline 0.001 -20"><span class='ocrx_word' id='word_1_50' title='bbox 86 849 202 904; x_wconf 85' lang='lat' dir='ltr'>maxime</span> <span class='ocrx_word' id='word_1_51' title='bbox 214 848 382 905; x_wconf 88' lang='lat' dir='ltr'>miserabilis</span> <span class='ocrx_word' id='word_1_52' title='bbox 396 854 473 904; x_wconf 91' lang='lat' dir='ltr'>esset</span> <span class='ocrx_word' id='word_1_53' title='bbox 489 849 597 920; x_wconf 90' lang='lat' dir='ltr'>liquere</span> <span class='ocrx_word' id='word_1_54' title='bbox 611 865 669 904; x_wconf 90' lang='lat' dir='ltr'>non</span> <span class='ocrx_word' id='word_1_55' title='bbox 681 851 801 920; x_wconf 89' lang='lat' dir='ltr'>poterat.</span> <span class='ocrx_word' id='word_1_56' title='bbox 815 847 848 921; x_wconf 87' lang='lat'>[8]</span> <span class='ocrx_word' id='word_1_57' title='bbox 859 847 897 903; x_wconf 88' lang='lat' dir='ltr'>Ut</span> <span class='ocrx_word' id='word_1_58' title='bbox 908 862 974 902; x_wconf 87' lang='lat' dir='ltr'>vero</span> 
     </span>
     <span class='ocr_line' id='line_1_9' title="bbox 85 935 975 1009; baseline 0.002 -20"><span class='ocrx_word' id='word_1_59' title='bbox 85 935 183 990; x_wconf 88' lang='lat' dir='ltr'>Jovem</span> <span class='ocrx_word' id='word_1_60' title='bbox 209 936 249 991; x_wconf 95' lang='lat' dir='ltr'>illi</span> <span class='ocrx_word' id='word_1_61' title='bbox 279 937 403 1005; x_wconf 85' lang='lat' dir='ltr'>tandem,</span> <span class='ocrx_word' id='word_1_62' title='bbox 423 936 534 993; x_wconf 75' lang='lat' dir='ltr'>Gracia</span> <span class='ocrx_word' id='word_1_63' title='bbox 558 938 690 1005; x_wconf 89' lang='lat' dir='ltr'>ultorem,</span> <span class='ocrx_word' id='word_1_64' title='bbox 713 936 856 1009; x_wconf 87' lang='lat' dir='ltr'>aperuisse</span> <span class='ocrx_word' id='word_1_65' title='bbox 878 935 975 991; x_wconf 88' lang='lat' dir='ltr'>oculos</span> 
     </span>
     <span class='ocr_line' id='line_1_10' title="bbox 86 1024 974 1096; baseline 0.002 -18"><span class='ocrx_word' id='word_1_66' title='bbox 86 1024 302 1091; x_wconf 81' lang='lat' dir='ltr'>conclamavere,</span> <span class='ocrx_word' id='word_1_67' title='bbox 318 1042 416 1082; x_wconf 90' lang='lat' dir='ltr'>omnes</span> <span class='ocrx_word' id='word_1_68' title='bbox 435 1025 497 1096; x_wconf 88' lang='lat' dir='ltr'>pari</span> <span class='ocrx_word' id='word_1_69' title='bbox 514 1025 652 1096; x_wconf 90' lang='lat' dir='ltr'>supplicio</span> <span class='ocrx_word' id='word_1_70' title='bbox 667 1024 768 1081; x_wconf 87' lang='lat' dir='ltr'>adfecti</span> <span class='ocrx_word' id='word_1_71' title='bbox 789 1025 871 1082; x_wconf 85' lang='lat' dir='ltr'>sibi¹⁰</span> <span class='ocrx_word' id='word_1_72' title='bbox 895 1025 974 1080; x_wconf 86' lang='lat' dir='ltr'>vide-</span> 
     </span>
     <span class='ocr_line' id='line_1_11' title="bbox 86 1112 974 1186; baseline 0.003 -19"><span class='ocrx_word' id='word_1_73' title='bbox 86 1112 197 1171; x_wconf 85' lang='lat' dir='ltr'>bantur.</span> <span class='ocrx_word' id='word_1_74' title='bbox 221 1113 287 1182; x_wconf 83' lang='lat' dir='ltr'>Rex,</span> <span class='ocrx_word' id='word_1_75' title='bbox 307 1115 441 1171; x_wconf 88' lang='lat' dir='ltr'>abstersis</span> <span class='ocrx_word' id='word_1_76' title='bbox 453 1130 523 1186; x_wconf 89' lang='lat' dir='ltr'>quas</span> <span class='ocrx_word' id='word_1_77' title='bbox 535 1113 708 1184; x_wconf 75' lang='lat' dir='ltr'>profuderat,</span> <span class='ocrx_word' id='word_1_78' title='bbox 723 1114 856 1185; x_wconf 85' lang='lat' dir='ltr'>lacrimis,</span> <span class='ocrx_word' id='word_1_79' title='bbox 869 1115 974 1170; x_wconf 89' lang='lat' dir='ltr'>bonum</span> 
     </span>
     <span class='ocr_line' id='line_1_12' title="bbox 88 1201 975 1276; baseline 0.003 -21"><span class='ocrx_word' id='word_1_80' title='bbox 88 1201 189 1258; x_wconf 91' lang='lat' dir='ltr'>habere</span> <span class='ocrx_word' id='word_1_81' title='bbox 207 1203 333 1258; x_wconf 88' lang='lat' dir='ltr'>animum</span> <span class='ocrx_word' id='word_1_82' title='bbox 351 1203 447 1275; x_wconf 85' lang='lat' dir='ltr'>jubet:</span> <span class='ocrx_word' id='word_1_83' title='bbox 467 1202 579 1258; x_wconf 88' lang='lat' dir='ltr'>visuros</span> <span class='ocrx_word' id='word_1_84' title='bbox 598 1202 682 1258; x_wconf 90' lang='lat' dir='ltr'>urbes</span> <span class='ocrx_word' id='word_1_85' title='bbox 701 1217 768 1257; x_wconf 92' lang='lat' dir='ltr'>suas</span> <span class='ocrx_word' id='word_1_86' title='bbox 786 1203 975 1276; x_wconf 82' lang='lat' dir='ltr'>conjugesque</span> 
     </span>
     <span class='ocr_line' id='line_1_13' title="bbox 87 1287 974 1347; baseline 0.001 -4"><span class='ocrx_word' id='word_1_87' title='bbox 87 1292 114 1343; x_wconf 88' lang='lat' dir='ltr'>et</span> <span class='ocrx_word' id='word_1_88' title='bbox 134 1287 247 1345; x_wconf 79' lang='lat' dir='ltr'>liberos.</span> <span class='ocrx_word' id='word_1_89' title='bbox 268 1289 367 1347; x_wconf 87' lang='lat' dir='ltr'>Castra</span> <span class='ocrx_word' id='word_1_90' title='bbox 385 1290 449 1346; x_wconf 93' lang='lat' dir='ltr'>inde</span> <span class='ocrx_word' id='word_1_91' title='bbox 470 1291 525 1346; x_wconf 92' lang='lat' dir='ltr'>duo</span> <span class='ocrx_word' id='word_1_92' title='bbox 547 1291 582 1345; x_wconf 90' lang='lat' dir='ltr'>ab</span> <span class='ocrx_word' id='word_1_93' title='bbox 604 1290 673 1345; x_wconf 92' lang='lat' dir='ltr'>urbe</span> <span class='ocrx_word' id='word_1_94' title='bbox 695 1289 786 1345; x_wconf 89' lang='lat' dir='ltr'>stadia</span> <span class='ocrx_word' id='word_1_95' title='bbox 809 1289 974 1345; x_wconf 90' lang='lat' dir='ltr'>communit.</span> 
     </span>
     <span class='ocr_line' id='line_1_14' title="bbox 88 1376 974 1450; baseline 0 -18"><span class='ocrx_word' id='word_1_96' title='bbox 88 1376 120 1449; x_wconf 85' lang='lat'>[9]</span> <span class='ocrx_word' id='word_1_97' title='bbox 133 1377 221 1433; x_wconf 85' lang='lat' dir='ltr'>Graeci</span> <span class='ocrx_word' id='word_1_98' title='bbox 234 1382 411 1435; x_wconf 81' lang='lat' dir='ltr'>excesserant</span> <span class='ocrx_word' id='word_1_99' title='bbox 421 1378 506 1447; x_wconf 87' lang='lat' dir='ltr'>vallo,</span> <span class='ocrx_word' id='word_1_100' title='bbox 522 1378 705 1435; x_wconf 90' lang='lat' dir='ltr'>deliberaturi</span> <span class='ocrx_word' id='word_1_101' title='bbox 719 1378 787 1450; x_wconf 91' lang='lat' dir='ltr'>quid</span> <span class='ocrx_word' id='word_1_102' title='bbox 796 1377 974 1449; x_wconf 89' lang='lat' dir='ltr'>potissimum</span> 
     </span>
     <span class='ocr_line' id='line_1_15' title="bbox 87 1466 974 1540; baseline 0.006 -20"><span class='ocrx_word' id='word_1_103' title='bbox 87 1481 189 1540; x_wconf 84' lang='lat' dir='ltr'>arege</span> <span class='ocrx_word' id='word_1_104' title='bbox 208 1471 358 1539; x_wconf 87' lang='lat' dir='ltr'>peterent:</span> <span class='ocrx_word' id='word_1_105' title='bbox 380 1484 500 1540; x_wconf 91' lang='lat' dir='ltr'>cumque</span> <span class='ocrx_word' id='word_1_106' title='bbox 522 1468 585 1525; x_wconf 93' lang='lat' dir='ltr'>aliis</span> <span class='ocrx_word' id='word_1_107' title='bbox 608 1469 704 1525; x_wconf 91' lang='lat' dir='ltr'>sedem</span> <span class='ocrx_word' id='word_1_108' title='bbox 724 1467 754 1523; x_wconf 90' lang='lat' dir='ltr'>in</span> <span class='ocrx_word' id='word_1_109' title='bbox 775 1466 841 1524; x_wconf 89' lang='lat' dir='ltr'>Asia</span> <span class='ocrx_word' id='word_1_110' title='bbox 862 1483 974 1540; x_wconf 82' lang='lat' dir='ltr'>rogare,</span> 
     </span>
     <span class='ocr_line' id='line_1_16' title="bbox 88 1552 976 1628; baseline 0.006 -21"><span class='ocrx_word' id='word_1_111' title='bbox 88 1552 149 1608; x_wconf 86' lang='lat' dir='ltr'>aliis</span> <span class='ocrx_word' id='word_1_112' title='bbox 168 1553 271 1610; x_wconf 88' lang='lat' dir='ltr'>reverti</span> <span class='ocrx_word' id='word_1_113' title='bbox 288 1555 387 1610; x_wconf 91' lang='lat' dir='ltr'>domos</span> <span class='ocrx_word' id='word_1_114' title='bbox 407 1556 539 1626; x_wconf 88' lang='lat' dir='ltr'>placeret,</span> <span class='ocrx_word' id='word_1_115' title='bbox 558 1556 713 1613; x_wconf 84' lang='lat' dir='ltr'>Euctemon</span> <span class='ocrx_word' id='word_1_116' title='bbox 732 1555 861 1628; x_wconf 82' lang='lat' dir='ltr'>Cymaeus</span> <span class='ocrx_word' id='word_1_117' title='bbox 880 1555 920 1612; x_wconf 84' lang='lat' dir='ltr'>ita</span> <span class='ocrx_word' id='word_1_118' title='bbox 937 1556 976 1612; x_wconf 93' lang='lat' dir='ltr'>lo·</span> 
     </span>
     <span class='ocr_line' id='line_1_17' title="bbox 88 1643 416 1698; baseline 0.006 -2"><span class='ocrx_word' id='word_1_119' title='bbox 88 1644 168 1698; x_wconf 92' lang='lat' dir='ltr'>cutus</span> <span class='ocrx_word' id='word_1_120' title='bbox 187 1643 222 1697; x_wconf 92' lang='lat' dir='ltr'>ad</span> <span class='ocrx_word' id='word_1_121' title='bbox 238 1658 286 1698; x_wconf 90' lang='lat' dir='ltr'>cos</span> <span class='ocrx_word' id='word_1_122' title='bbox 307 1643 416 1698; x_wconf 88' lang='lat' dir='ltr'>fertur:</span> 
     </span>
    </p>

    <p class='ocr_par' dir='ltr' id='par_1_3' title="bbox 57 1727 977 2758">
     <span class='ocr_line' id='line_1_18' title="bbox 57 1727 975 1803; baseline 0.007 -21"><span class='ocrx_word' id='word_1_123' title='bbox 57 1752 61 1758; x_wconf 96' lang='lat'>·</span> <span class='ocrx_word' id='word_1_124' title='bbox 122 1727 174 1801; x_wconf 86' lang='lat' dir='ltr'>[lo]</span> <span class='ocrx_word' id='word_1_125' title='bbox 189 1749 202 1782; x_wconf 73' lang='lat' dir='ltr'>a</span> <span class='ocrx_word' id='word_1_126' title='bbox 218 1727 240 1783; x_wconf 91' lang='lat' dir='ltr'>li</span> <span class='ocrx_word' id='word_1_127' title='bbox 252 1728 300 1801; x_wconf 89' lang='lat' dir='ltr'>qui</span> <span class='ocrx_word' id='word_1_128' title='bbox 312 1733 333 1767; x_wconf 87' lang='lat'>¹¹</span> <span class='ocrx_word' id='word_1_129' title='bbox 352 1729 533 1786; x_wconf 87' lang='lat' dir='ltr'>modoetiam</span> <span class='ocrx_word' id='word_1_130' title='bbox 547 1731 582 1787; x_wconf 86' lang='lat' dir='ltr'>ad</span> <span class='ocrx_word' id='word_1_131' title='bbox 594 1747 675 1803; x_wconf 88' lang='lat' dir='ltr'>opem</span> <span class='ocrx_word' id='word_1_132' title='bbox 694 1732 843 1802; x_wconf 89' lang='lat' dir='ltr'>petendam</span> <span class='ocrx_word' id='word_1_133' title='bbox 855 1747 888 1788; x_wconf 88' lang='lat' dir='ltr'>ex</span> <span class='ocrx_word' id='word_1_134' title='bbox 901 1733 975 1788; x_wconf 88' lang='lat' dir='ltr'>tene·</span> 
     </span>
     <span class='ocr_line' id='line_1_19' title="bbox 87 1815 976 1890; baseline 0.002 -19"><span class='ocrx_word' id='word_1_135' title='bbox 87 1815 146 1871; x_wconf 88' lang='lat' dir='ltr'>bris</span> <span class='ocrx_word' id='word_1_136' title='bbox 158 1820 186 1872; x_wconf 89' lang='lat' dir='ltr'>et</span> <span class='ocrx_word' id='word_1_137' title='bbox 196 1834 305 1874; x_wconf 87' lang='lat' dir='ltr'>carcere</span> <span class='ocrx_word' id='word_1_138' title='bbox 318 1818 471 1888; x_wconf 86' lang='lat' dir='ltr'>procedere</span> <span class='ocrx_word' id='word_1_139' title='bbox 489 1819 665 1886; x_wconf 89' lang='lat' dir='ltr'>erubuimus,</span> <span class='ocrx_word' id='word_1_140' title='bbox 680 1822 713 1874; x_wconf 95' lang='lat' dir='ltr'>ut</span> <span class='ocrx_word' id='word_1_141' title='bbox 726 1835 801 1873; x_wconf 89' lang='lat' dir='ltr'>nunc</span> <span class='ocrx_word' id='word_1_142' title='bbox 814 1822 897 1889; x_wconf 85' lang='lat' dir='ltr'>est¹¹,</span> <span class='ocrx_word' id='word_1_143' title='bbox 912 1835 976 1890; x_wconf 93' lang='lat' dir='ltr'>sup·</span> 
     </span>
     <span class='ocr_line' id='line_1_20' title="bbox 78 1902 966 1977; baseline 0.005 -20"><span class='ocrx_word' id='word_1_144' title='bbox 78 1902 171 1974; x_wconf 85' lang='lat' dir='ltr'>-plicia</span> <span class='ocrx_word' id='word_1_145' title='bbox 186 1908 360 1971; x_wconf 81' lang='lat' dir='ltr'>nostra¹³-</span> <span class='ocrx_word' id='word_1_146' title='bbox 380 1922 502 1977; x_wconf 86' lang='lat' dir='ltr'>quorum</span> <span class='ocrx_word' id='word_1_147' title='bbox 520 1922 572 1961; x_wconf 90' lang='lat' dir='ltr'>nos</span> <span class='ocrx_word' id='word_1_148' title='bbox 599 1907 702 1977; x_wconf 86' lang='lat' dir='ltr'>pudeat</span> <span class='ocrx_word' id='word_1_149' title='bbox 722 1906 814 1977; x_wconf 83' lang='lat' dir='ltr'>magis</span> <span class='ocrx_word' id='word_1_150' title='bbox 832 1922 868 1961; x_wconf 88' lang='lat' dir='ltr'>au</span> <span class='ocrx_word' id='word_1_151' title='bbox 893 1906 966 1975; x_wconf 83' lang='lat' dir='ltr'>paeni</span> 
     </span>
     <span class='ocr_line' id='line_1_21' title="bbox 87 1992 976 2065; baseline 0.001 -18"><span class='ocrx_word' id='word_1_152' title='bbox 87 1995 145 2048; x_wconf 90' lang='lat' dir='ltr'>teat</span> <span class='ocrx_word' id='word_1_153' title='bbox 169 1992 306 2048; x_wconf 90' lang='lat' dir='ltr'>incertum</span> <span class='ocrx_word' id='word_1_154' title='bbox 332 1997 375 2049; x_wconf 88' lang='lat' dir='ltr'>est</span> <span class='ocrx_word' id='word_1_155' title='bbox 394 2023 431 2034; x_wconf 77' lang='lat'>—</span> <span class='ocrx_word' id='word_1_156' title='bbox 454 1996 597 2049; x_wconf 89' lang='lat' dir='ltr'>ostentare</span> <span class='ocrx_word' id='word_1_157' title='bbox 628 1994 751 2065; x_wconf 84' lang='lat' dir='ltr'>Graeciae,</span> <span class='ocrx_word' id='word_1_158' title='bbox 778 1994 857 2050; x_wconf 84' lang='lat' dir='ltr'>velut</span> <span class='ocrx_word' id='word_1_159' title='bbox 881 1994 976 2050; x_wconf 86' lang='lat' dir='ltr'>laetum</span> 
     </span>
     <span class='ocr_line' id='line_1_22' title="bbox 89 2080 976 2153; baseline 0.001 -19"><span class='ocrx_word' id='word_1_160' title='bbox 89 2081 287 2151; x_wconf 88' lang='lat' dir='ltr'>spectaculum,</span> <span class='ocrx_word' id='word_1_161' title='bbox 305 2083 441 2152; x_wconf 89' lang='lat' dir='ltr'>cupimus.</span> <span class='ocrx_word' id='word_1_162' title='bbox 459 2082 510 2153; x_wconf 78' lang='lat' dir='ltr'>[ll]</span> <span class='ocrx_word' id='word_1_163' title='bbox 524 2080 608 2153; x_wconf 88' lang='lat' dir='ltr'>Atqui</span> <span class='ocrx_word' id='word_1_164' title='bbox 622 2081 726 2153; x_wconf 89' lang='lat' dir='ltr'>optime</span> <span class='ocrx_word' id='word_1_165' title='bbox 738 2082 867 2138; x_wconf 91' lang='lat' dir='ltr'>miserias</span> <span class='ocrx_word' id='word_1_166' title='bbox 883 2082 976 2137; x_wconf 86' lang='lat' dir='ltr'>ferunt</span> 
     </span>
     <span class='ocr_line' id='line_1_23' title="bbox 86 2167 977 2239; baseline 0.003 -18"><span class='ocrx_word' id='word_1_167' title='bbox 86 2167 137 2239; x_wconf 91' lang='lat' dir='ltr'>qui</span> <span class='ocrx_word' id='word_1_168' title='bbox 158 2168 340 2238; x_wconf 87' lang='lat' dir='ltr'>abscondunt,</span> <span class='ocrx_word' id='word_1_169' title='bbox 357 2186 408 2226; x_wconf 94' lang='lat' dir='ltr'>nec</span> <span class='ocrx_word' id='word_1_170' title='bbox 424 2170 482 2225; x_wconf 89' lang='lat' dir='ltr'>ulla</span> <span class='ocrx_word' id='word_1_171' title='bbox 498 2173 555 2224; x_wconf 90' lang='lat' dir='ltr'>tam</span> <span class='ocrx_word' id='word_1_172' title='bbox 575 2168 750 2226; x_wconf 76' lang='lat' dir='ltr'>familiaris¹⁴</span> <span class='ocrx_word' id='word_1_173' title='bbox 761 2174 804 2226; x_wconf 89' lang='lat' dir='ltr'>est</span> <span class='ocrx_word' id='word_1_174' title='bbox 819 2169 977 2227; x_wconf 75' lang='lat' dir='ltr'>infelicibus</span> 
     </span>
     <span class='ocr_line' id='line_1_24' title="bbox 86 2257 975 2330; baseline 0.004 -20"><span class='ocrx_word' id='word_1_175' title='bbox 86 2257 179 2326; x_wconf 86' lang='lat' dir='ltr'>patria</span> <span class='ocrx_word' id='word_1_176' title='bbox 195 2274 280 2329; x_wconf 90' lang='lat' dir='ltr'>quam</span> <span class='ocrx_word' id='word_1_177' title='bbox 294 2258 416 2315; x_wconf 91' lang='lat' dir='ltr'>solitudo</span> <span class='ocrx_word' id='word_1_178' title='bbox 433 2263 462 2317; x_wconf 88' lang='lat' dir='ltr'>et</span> <span class='ocrx_word' id='word_1_179' title='bbox 478 2260 569 2315; x_wconf 85' lang='lat' dir='ltr'>status</span> <span class='ocrx_word' id='word_1_180' title='bbox 585 2260 688 2330; x_wconf 92' lang='lat' dir='ltr'>prioris</span> <span class='ocrx_word' id='word_1_181' title='bbox 702 2260 816 2316; x_wconf 92' lang='lat' dir='ltr'>oblivio.</span> <span class='ocrx_word' id='word_1_182' title='bbox 831 2258 913 2328; x_wconf 91' lang='lat' dir='ltr'>Nam,</span> <span class='ocrx_word' id='word_1_183' title='bbox 928 2258 975 2330; x_wconf 91' lang='lat' dir='ltr'>qui</span> 
     </span>
     <span class='ocr_line' id='line_1_25' title="bbox 85 2345 976 2421; baseline 0.007 -23"><span class='ocrx_word' id='word_1_184' title='bbox 85 2345 210 2400; x_wconf 91' lang='lat' dir='ltr'>multum</span> <span class='ocrx_word' id='word_1_185' title='bbox 239 2346 268 2401; x_wconf 90' lang='lat' dir='ltr'>in</span> <span class='ocrx_word' id='word_1_186' title='bbox 302 2363 419 2403; x_wconf 89' lang='lat' dir='ltr'>snorum</span> <span class='ocrx_word' id='word_1_187' title='bbox 459 2347 653 2404; x_wconf 89' lang='lat' dir='ltr'>misericordia</span> <span class='ocrx_word' id='word_1_188' title='bbox 688 2351 806 2418; x_wconf 89' lang='lat' dir='ltr'>ponunt,</span> <span class='ocrx_word' id='word_1_189' title='bbox 844 2349 976 2421; x_wconf 80' lang='lat' dir='ltr'>ignorant</span> 
     </span>
     <span class='ocr_line' id='line_1_26' title="bbox 85 2433 976 2508; baseline 0.01 -25"><span class='ocrx_word' id='word_1_190' title='bbox 85 2447 176 2502; x_wconf 88' lang='lat' dir='ltr'>quam</span> <span class='ocrx_word' id='word_1_191' title='bbox 200 2433 326 2490; x_wconf 86' lang='lat' dir='ltr'>celeriter</span> <span class='ocrx_word' id='word_1_192' title='bbox 345 2434 468 2491; x_wconf 88' lang='lat' dir='ltr'>lacrimae</span> <span class='ocrx_word' id='word_1_193' title='bbox 484 2435 652 2490; x_wconf 88' lang='lat' dir='ltr'>inarescant.</span> <span class='ocrx_word' id='word_1_194' title='bbox 680 2434 731 2508; x_wconf 77' lang='lat'>[12]</span> <span class='ocrx_word' id='word_1_195' title='bbox 752 2434 840 2490; x_wconf 90' lang='lat' dir='ltr'>Nemo</span> <span class='ocrx_word' id='word_1_196' title='bbox 857 2434 976 2492; x_wconf 85' lang='lat' dir='ltr'>fideliter</span> 
     </span>
     <span class='ocr_line' id='line_1_27' title="bbox 85 2518 976 2597; baseline 0.01 -26"><span class='ocrx_word' id='word_1_197' title='bbox 85 2518 184 2590; x_wconf 82' lang='lat' dir='ltr'>diligit</span> <span class='ocrx_word' id='word_1_198' title='bbox 204 2536 286 2591; x_wconf 91' lang='lat' dir='ltr'>quem</span> <span class='ocrx_word' id='word_1_199' title='bbox 307 2522 435 2578; x_wconf 88' lang='lat' dir='ltr'>fastidit:</span> <span class='ocrx_word' id='word_1_200' title='bbox 454 2540 520 2577; x_wconf 89' lang='lat' dir='ltr'>nam</span> <span class='ocrx_word' id='word_1_201' title='bbox 539 2527 567 2578; x_wconf 88' lang='lat' dir='ltr'>et</span> <span class='ocrx_word' id='word_1_202' title='bbox 584 2523 728 2579; x_wconf 90' lang='lat' dir='ltr'>calamitas</span> <span class='ocrx_word' id='word_1_203' title='bbox 749 2525 868 2597; x_wconf 91' lang='lat' dir='ltr'>querula</span> <span class='ocrx_word' id='word_1_204' title='bbox 888 2528 931 2581; x_wconf 91' lang='lat' dir='ltr'>est</span> <span class='ocrx_word' id='word_1_205' title='bbox 948 2528 976 2580; x_wconf 89' lang='lat' dir='ltr'>et</span> 
     </span>
     <span class='ocr_line' id='line_1_28' title="bbox 83 2608 975 2685; baseline 0.007 -24"><span class='ocrx_word' id='word_1_206' title='bbox 83 2608 210 2678; x_wconf 88' lang='lat' dir='ltr'>superba</span> <span class='ocrx_word' id='word_1_207' title='bbox 226 2609 353 2666; x_wconf 87' lang='lat' dir='ltr'>felicitas.</span> <span class='ocrx_word' id='word_1_208' title='bbox 374 2611 425 2677; x_wconf 88' lang='lat' dir='ltr'>lta,</span> <span class='ocrx_word' id='word_1_209' title='bbox 444 2629 525 2667; x_wconf 92' lang='lat' dir='ltr'>suam</span> <span class='ocrx_word' id='word_1_210' title='bbox 542 2614 663 2685; x_wconf 89' lang='lat' dir='ltr'>quisque</span> <span class='ocrx_word' id='word_1_211' title='bbox 681 2615 823 2669; x_wconf 89' lang='lat' dir='ltr'>fortunam</span> <span class='ocrx_word' id='word_1_212' title='bbox 843 2613 870 2669; x_wconf 91' lang='lat' dir='ltr'>in</span> <span class='ocrx_word' id='word_1_213' title='bbox 886 2613 975 2668; x_wconf 91' lang='lat' dir='ltr'>consi-</span> 
     </span>
     <span class='ocr_line' id='line_1_29' title="bbox 82 2696 974 2758; baseline 0.008 -10"><span class='ocrx_word' id='word_1_214' title='bbox 82 2696 124 2749; x_wconf 91' lang='lat' dir='ltr'>lio</span> <span class='ocrx_word' id='word_1_215' title='bbox 133 2700 157 2733; x_wconf 76' lang='lat'>¹⁵</span> <span class='ocrx_word' id='word_1_216' title='bbox 172 2696 256 2752; x_wconf 86' lang='lat' dir='ltr'>habet</span> <span class='ocrx_word' id='word_1_217' title='bbox 274 2714 338 2753; x_wconf 91' lang='lat' dir='ltr'>cum</span> <span class='ocrx_word' id='word_1_218' title='bbox 351 2701 385 2754; x_wconf 91' lang='lat' dir='ltr'>de</span> <span class='ocrx_word' id='word_1_219' title='bbox 399 2700 489 2755; x_wconf 90' lang='lat' dir='ltr'>aliena</span> <span class='ocrx_word' id='word_1_220' title='bbox 502 2702 647 2758; x_wconf 86' lang='lat' dir='ltr'>deliberat.</span> <span class='ocrx_word' id='word_1_221' title='bbox 662 2702 721 2757; x_wconf 90' lang='lat' dir='ltr'>Nisi</span> <span class='ocrx_word' id='word_1_222' title='bbox 734 2706 834 2757; x_wconf 91' lang='lat' dir='ltr'>mutuo</span> <span class='ocrx_word' id='word_1_223' title='bbox 843 2707 866 2740; x_wconf 79' lang='lat'>¹⁰</span> <span class='ocrx_word' id='word_1_224' title='bbox 879 2701 974 2757; x_wconf 89' lang='lat' dir='ltr'>miseri</span> 
     </span>
    </p>
   </div>
   <div class='ocr_carea' id='block_1_3' title="bbox 83 2916 976 3097">
    <p class='ocr_par' dir='ltr' id='par_1_4' title="bbox 83 2916 976 3097">
     <span class='ocr_line' id='line_1_30' title="bbox 85 2916 975 3006; baseline 0.007 -51"><span class='ocrx_word' id='word_1_225' title='bbox 85 2919 134 2956; x_wconf 78' lang='lat'><strong>¹5¹.</strong></span> <span class='ocrx_word' id='word_1_226' title='bbox 152 2937 178 2944; x_wconf 87' lang='lat'><em>-</em></span> <span class='ocrx_word' id='word_1_227' title='bbox 189 2920 210 2959; x_wconf 74' lang='lat' dir='ltr'>b.</span> <span class='ocrx_word' id='word_1_228' title='bbox 229 2916 365 2971; x_wconf 78' lang='lat' dir='ltr'>simulnora,</span> <span class='ocrx_word' id='word_1_229' title='bbox 382 2918 420 2961; x_wconf 80' lang='lat' dir='ltr'>dee</span> <span class='ocrx_word' id='word_1_230' title='bbox 439 2917 507 2959; x_wconf 77' lang='lat' dir='ltr'>fanto·</span> <span class='ocrx_word' id='word_1_231' title='bbox 531 2938 535 3006; x_wconf 67' lang='grc' dir='ltr'><strong>ι</strong></span> <span class='ocrx_word' id='word_1_232' title='bbox 559 2943 584 2950; x_wconf 94' lang='grc'><strong>-</strong></span> <span class='ocrx_word' id='word_1_233' title='bbox 593 2927 623 2965; x_wconf 80' lang='lat'>12.</span> <span class='ocrx_word' id='word_1_234' title='bbox 633 2926 659 2964; x_wconf 74' lang='lat' dir='ltr'>ut</span> <span class='ocrx_word' id='word_1_235' title='bbox 669 2934 732 2963; x_wconf 66' lang='lat' dir='ltr'>natac</span> <span class='ocrx_word' id='word_1_236' title='bbox 745 2926 784 2973; x_wconf 79' lang='lat' dir='ltr'>eet,</span> <span class='ocrx_word' id='word_1_237' title='bbox 799 2922 864 2963; x_wconf 79' lang='lat' dir='ltr'>mtme</span> <span class='ocrx_word' id='word_1_238' title='bbox 877 2930 926 2962; x_wconf 84' lang='lat' dir='ltr'>sens</span> <span class='ocrx_word' id='word_1_239' title='bbox 935 2930 975 2973; x_wconf 81' lang='lat' dir='ltr'>que</span> 
     </span>
     <span class='ocr_line' id='line_1_31' title="bbox 83 2978 974 3036; baseline 0.009 -19"><span class='ocrx_word' id='word_1_240' title='bbox 83 2986 140 3017; x_wconf 79' lang='lat' dir='ltr'>mes.</span> <span class='ocrx_word' id='word_1_241' title='bbox 155 2997 179 3005; x_wconf 93' lang='lat'>—</span> <span class='ocrx_word' id='word_1_242' title='bbox 207 2983 237 3019; x_wconf 86' lang='lat' dir='ltr'>to.</span> <span class='ocrx_word' id='word_1_243' title='bbox 256 2978 301 3031; x_wconf 82' lang='lat' dir='ltr'>itti,</span> <span class='ocrx_word' id='word_1_244' title='bbox 316 2980 347 3022; x_wconf 85' lang='lat' dir='ltr'>les</span> <span class='ocrx_word' id='word_1_245' title='bbox 364 2980 442 3032; x_wconf 81' lang='lat' dir='ltr'>Grecs;</span> <span class='ocrx_word' id='word_1_246' title='bbox 453 2981 507 3031; x_wconf 76' lang='lat' dir='ltr'>eibi,</span> <span class='ocrx_word' id='word_1_247' title='bbox 558 2995 657 3027; x_wconf 77' lang='lat' dir='ltr'>naua-</span> <span class='ocrx_word' id='word_1_248' title='bbox 672 2991 703 3028; x_wconf 81' lang='lat'>13.</span> <span class='ocrx_word' id='word_1_249' title='bbox 712 2990 800 3035; x_wconf 76' lang='lat' dir='ltr'>nostra,</span> <span class='ocrx_word' id='word_1_250' title='bbox 811 2994 858 3036; x_wconf 70' lang='lat' dir='ltr'>vop.</span> <span class='ocrx_word' id='word_1_251' title='bbox 866 2982 928 3023; x_wconf 74' lang='lat' dir='ltr'>Rem.</span> <span class='ocrx_word' id='word_1_252' title='bbox 943 2988 974 3025; x_wconf 77' lang='lat'>53.</span> 
     </span>
     <span class='ocr_line' id='line_1_32' title="bbox 85 3036 976 3097; baseline 0.007 -20"><span class='ocrx_word' id='word_1_253' title='bbox 85 3036 119 3077; x_wconf 82' lang='lat' dir='ltr'>les</span> <span class='ocrx_word' id='word_1_254' title='bbox 130 3036 313 3081; x_wconf 70' lang='lat' dir='ltr'>Macddoniens.-</span> <span class='ocrx_word' id='word_1_255' title='bbox 324 3046 355 3085; x_wconf 84' lang='lat' dir='ltr'>ll.</span> <span class='ocrx_word' id='word_1_256' title='bbox 363 3040 382 3084; x_wconf 69' lang='lat' dir='ltr'>ie·</span> <span class='ocrx_word' id='word_1_257' title='bbox 391 3042 443 3094; x_wconf 75' lang='lat' dir='ltr'>qni,</span> <span class='ocrx_word' id='word_1_258' title='bbox 455 3052 508 3083; x_wconf 85' lang='lat' dir='ltr'>nous</span> <span class='ocrx_word' id='word_1_259' title='bbox 558 3050 624 3097; x_wconf 72' lang='grc'>-14,</span> <span class='ocrx_word' id='word_1_260' title='bbox 634 3046 772 3097; x_wconf 54' lang='lat' dir='ltr'>sanationis,</span> <span class='ocrx_word' id='word_1_261' title='bbox 781 3044 852 3085; x_wconf 79' lang='lat' dir='ltr'>chbre.</span> <span class='ocrx_word' id='word_1_262' title='bbox 865 3064 892 3073; x_wconf 90' lang='lat'>-</span> <span class='ocrx_word' id='word_1_263' title='bbox 905 3049 935 3085; x_wconf 81' lang='lat'>15.</span> <span class='ocrx_word' id='word_1_264' title='bbox 949 3044 976 3083; x_wconf 78' lang='lat' dir='ltr'>ir.</span> 
     </span>
    </p>
   </div>
   <div class='ocr_carea' id='block_1_4' title="bbox 84 3097 976 3222">
    <p class='ocr_par' dir='ltr' id='par_1_5' title="bbox 84 3097 976 3222">
     <span class='ocr_line' id='line_1_33' title="bbox 84 3097 976 3161; baseline 0.009 -22"><span class='ocrx_word' id='word_1_265' title='bbox 84 3097 134 3151; x_wconf 84' lang='lat' dir='ltr'>qui.</span> <span class='ocrx_word' id='word_1_266' title='bbox 150 3098 183 3141; x_wconf 88' lang='lat' dir='ltr'>Cf.</span> <span class='ocrx_word' id='word_1_267' title='bbox 197 3099 217 3141; x_wconf 87' lang='lat' dir='ltr'>la</span> <span class='ocrx_word' id='word_1_268' title='bbox 235 3101 328 3144; x_wconf 91' lang='lat' dir='ltr'>locution</span> <span class='ocrx_word' id='word_1_269' title='bbox 347 3115 447 3157; x_wconf 77' lang='lat' dir='ltr'>grecque,</span> <span class='ocrx_word' id='word_1_270' title='bbox 461 3106 507 3157; x_wconf 67' lang='lat' dir='ltr'>strip</span> <span class='ocrx_word' id='word_1_271' title='bbox 559 3108 720 3161; x_wconf 55' lang='lat' dir='ltr'>wmttioffcy.</span> <span class='ocrx_word' id='word_1_272' title='bbox 729 3108 793 3157; x_wconf 83' lang='lat' dir='ltr'>lll,v,</span> <span class='ocrx_word' id='word_1_273' title='bbox 807 3113 837 3149; x_wconf 83' lang='lat'>12.</span> <span class='ocrx_word' id='word_1_274' title='bbox 848 3112 913 3148; x_wconf 83' lang='grc'><strong>-16,</strong></span> <span class='ocrx_word' id='word_1_275' title='bbox 925 3118 976 3147; x_wconf 83' lang='lat' dir='ltr'>mu·</span> 
     </span>
     <span class='ocr_line' id='line_1_34' title="bbox 84 3158 976 3222; baseline 0.016 -24"><span class='ocrx_word' id='word_1_276' title='bbox 84 3158 505 3216; x_wconf 60' lang='lat' dir='ltr'>aaa,rhomumpuniente-&#39;namot</span> <span class='ocrx_word' id='word_1_277' title='bbox 559 3172 605 3218; x_wconf 78' lang='lat' dir='ltr'>tuo,</span> <span class='ocrx_word' id='word_1_278' title='bbox 625 3179 672 3222; x_wconf 77' lang='lat' dir='ltr'>roy.</span> <span class='ocrx_word' id='word_1_279' title='bbox 689 3169 751 3210; x_wconf 74' lang='lat' dir='ltr'>lim.</span> <span class='ocrx_word' id='word_1_280' title='bbox 773 3173 798 3210; x_wconf 77' lang='lat'>28</span> <span class='ocrx_word' id='word_1_281' title='bbox 819 3167 832 3207; x_wconf 89' lang='lat' dir='ltr'>b</span> <span class='ocrx_word' id='word_1_282' title='bbox 852 3171 871 3208; x_wconf 89' lang='lat' dir='ltr'>et</span> <span class='ocrx_word' id='word_1_283' title='bbox 891 3174 933 3211; x_wconf 71' lang='lat' dir='ltr'>ltu.</span> <span class='ocrx_word' id='word_1_284' title='bbox 950 3191 976 3199; x_wconf 89' lang='lat'>-</span> 
     </span>
    </p>
   </div>
   <div class='ocr_carea' id='block_1_5' title="bbox 149 3249 838 3299">
    <p class='ocr_par' dir='ltr' id='par_1_6' title="bbox 149 3249 838 3299">
     <span class='ocr_line' id='line_1_35' title="bbox 149 3249 838 3299; baseline 0.004 -12"><span class='ocrx_word' id='word_1_285' title='bbox 149 3252 339 3294; x_wconf 74' lang='lat' dir='ltr'>QUINTE·C[1BCE.</span> <span class='ocrx_word' id='word_1_286' title='bbox 812 3249 838 3299; x_wconf 84' lang='grc'>10</span> 
     </span>
    </p>
   </div>
   <div class='ocr_carea' id='block_1_6' title="bbox 0 0 1166 3500">
    <p class='ocr_par' dir='ltr' id='par_1_7' title="bbox 0 0 1166 3500">
     <span class='ocr_line' id='line_1_36' title="bbox 0 0 1166 3500; baseline 0 0"><span class='ocrx_word' id='word_1_287' title='bbox 0 0 1166 3500; x_wconf 95' lang='lat' dir='ltr'> </span> 
     </span>
    </p>
   </div>
  </div>
 </body>
</html>
