2317 3500
156 159 193 216 48
483 172 513 224 o.
536 171 627 218 cuam
650 173 724 216 nuri
852 150 964 236 [uivus
978 149 1052 236 333]
1143 186 1144 199 κ

156 287 243 360 quin⁴
265 301 378 344 omnem
397 285 506 359 regiam
531 287 735 359 supellectilem
761 303 827 342 cum
849 286 974 357 pecunia
996 289 1056 341 tra·

156 378 245 440 deret,
261 376 371 448 adjecit.
389 376 422 449 [3]
433 376 597 447 Parmenio,
613 377 753 432 asservari
773 392 806 432 eo
827 374 919 448 jusso,
940 376 1056 432 litteras

156 464 255 536 aperit,
275 465 304 519 in
328 465 394 536 quis
413 469 474 521 erat
493 465 631 537 scriptum
650 468 682 521 ut
698 468 810 520 mature
824 465 983 520 Alexander
1003 466 1057 520 ali·

155 570 240 625 quem
259 571 292 609 ex
308 554 427 610 ducibus
448 554 508 610 suis
530 555 658 611 mitteret
677 571 741 609 oum
761 570 848 610 manu
865 555 981 627 exigua,
1004 557 1060 611 ccc·

156 641 287 709 traderet,
302 659 485 716 quecumque
496 660 545 699 rex
560 660 646 713 penes
657 643 750 714 ipsum
764 644 946 715 reliquisset:
959 643 1059 715 itaque

156 729 296 799 Mardum,
308 730 382 788 datis
394 731 554 802 comitibus,
562 731 598 786 ad
609 731 783 803 proditorem
793 731 922 788 remittit.
930 731 963 803 [4]
975 730 1027 786 Ille
1035 735 1058 804 ¹⁵,

155 835 171 874 e
185 821 318 876 manibus
333 819 554 875 custodientium
562 820 689 890 lapsusr,
704 821 874 875 Damascum
887 825 953 876 ante
963 821 1060 877 lucem

143 895 254 965 intrat.
271 910 445 964 Turbaverat
460 925 494 964 ea
508 925 555 965 res
571 908 771 965 Parmenionis
788 908 1060 977 animum,insidias

155 996 283 1052 timentis
297 1000 326 1053 et
340 997 471 1070 ignotum
486 997 541 1053 iter
560 998 623 1054 sine
637 999 706 1053 duce
722 1013 780 1052 non
795 998 917 1053 audebat
931 997 1059 1069 ingredi.

155 1083 292 1142 Felicitati
307 1090 405 1143 tamen
424 1086 501 1160 regis
523 1087 567 1142 sui
582 1086 716 1152 confisus,
738 1087 879 1152 agrestes,
899 1084 948 1156 qui
971 1085 1062 1142 duces

155 1175 265 1232 itineris
282 1179 388 1241 essent,
405 1175 493 1247 excipi
504 1179 515 1212 ⁷
528 1173 625 1246 jussit.
644 1171 755 1236 Quibus
769 1169 902 1226 celeriter
921 1174 1061 1244 repertis,

156 1269 258 1336 quarto
273 1264 318 1320 die
340 1264 377 1319 ad
397 1265 497 1318 urbem
514 1259 654 1332 pervenit,
673 1258 732 1331 jam
753 1260 899 1314 metuente
910 1261 1061 1331 praeleeto,

156 1369 191 1408 ne
213 1352 266 1408 sibi
290 1351 360 1406 fides
380 1350 478 1406 habita
498 1365 555 1404 non
578 1351 663 1404 esset.

193 1438 225 1512 [5]
245 1438 337 1511 Igitur
356 1437 437 1510 quasi
452 1453 555 1509 parum
567 1435 754 1493 munimentis
769 1433 864 1507 oppidi
875 1435 976 1503 fidens,
990 1442 1064 1497 ante

157 1528 226 1584 solis
247 1530 342 1582 ortum
363 1526 515 1598 pecuniam
536 1524 647 1598 regiam
661 1556 697 1566 -
710 1528 828 1597 gazam⁸
843 1525 935 1580 Persae
954 1533 1065 1584 vocant

156 1647 190 1658 -
214 1629 278 1670 cum
297 1613 511 1686 pretiosissimis
534 1618 652 1669 rerum⁹
671 1612 769 1669 elterri
787 1612 878 1684 jubet,
898 1613 994 1684 lugam
1014 1613 1064 1668 si-

157 1705 279 1777 mulam,
304 1720 336 1761 re
362 1705 485 1761 verant
510 1702 635 1776 praedam
659 1702 736 1759 hosti
761 1701 885 1758 ollerret.
906 1701 940 1774 [6]
969 1701 1066 1763 llulta

157 1794 247 1851 millia
260 1794 389 1851 virorum
406 1793 632 1865 feminarumque
646 1793 827 1848 excedentem
839 1791 942 1863 oppido
956 1808 1065 1863 seque-

156 1883 277 1950 bantur,
298 1883 431 1940 omnibus
451 1881 622 1939 miserabilis
641 1880 735 1949 turba,
759 1883 864 1951 prater
888 1896 954 1934 eum
975 1880 1064 1952 cujus

157 1973 222 2028 fidei
231 1973 383 2029 commissa
393 1974 462 2028 erat.
473 1970 593 2042 Quippe,
604 1986 661 2042 quo
671 1969 762 2040 major
771 1967 941 2040 proditionis
949 1984 1064 2027 merces

158 2062 241 2128 toret,
261 2061 381 2131 objicere
403 2059 477 2113 hosti
503 2058 623 2129 parabat
646 2056 802 2129 gratiorem
828 2046 907 2111 omni
937 2059 1065 2129 pecunia

158 2147 292 2219 praedam,
312 2146 420 2202 nobiles
440 2145 526 2214 viros,
542 2148 727 2217 praetorum¹⁰
740 2145 818 2201 Darii
832 2146 970 2220 coniuges
989 2146 1064 2206 libe·

158 2252 272 2307 rosque,
292 2238 394 2306 praeter
416 2234 480 2301 bos,
504 2235 669 2291 Graecarum
689 2234 804 2290 urbium
829 2235 956 2308 legatos,
986 2252 1064 2307 quos

159 2326 271 2394 Darius,
284 2325 361 2380 velut
375 2324 404 2379 in
422 2340 485 2380 arce
505 2323 658 2393 tutissima,
679 2322 709 2378 in
727 2323 883 2394 proditoris
902 2324 1065 2395 reliquerat

159 2412 299 2467 manibus
316 2412 350 2485 [7]
366 2413 515 2486 Gaugabas
529 2413 623 2468 Persae
634 2415 737 2469 vocant
750 2411 879 2468 humeris
894 2428 983 2468 onera
993 2428 1063 2483 por-

159 2502 252 2556 tantes
261 2504 297 2553 ¹¹:
311 2500 340 2556 hi
355 2518 420 2556 cum
433 2500 560 2558 hiemem
575 2502 697 2557 tolerare
713 2514 768 2556 non
783 2502 945 2571 possent—
954 2500 1064 2575 quippe

159 2588 283 2661 procella
304 2588 398 2643 subito
419 2588 514 2645 nivem
536 2588 686 2658 effuderat,
705 2588 850 2644 ethumus
866 2589 979 2661 rigebat
992 2592 1065 2661 gelu

159 2679 221 2732 tum
244 2674 378 2733 adstricta
397 2679 542 2732 -vestes
560 2693 633 2749 quas
651 2692 717 2731 cum
746 2677 866 2748 pecunia
895 2679 1064 2755 portabant,

93 2776 96 2781 ‘
161 2782 230 2821 auro
240 2767 269 2821 et
282 2780 408 2836 purpura
421 2762 560 2835 insignes,
576 2763 709 2835 induunt,
718 2764 796 2821 nullo
810 2764 964 2838 prohibere
979 2783 1064 2839 auso,

161 2908 219 2966 chr.
228 2908 287 2951 Hice.
295 2919 322 2950 au
334 2910 378 2949 mot
389 2915 580 2950 sussuranensis.
635 2908 691 2961 cipi,
702 2908 767 2963 qu'on
779 2906 862 2963 prit-
871 2914 891 2951 a.
904 2921 997 2964 parurn,
1013 2923 1067 2966 roy.

160 2990 185 2999 —-
195 2975 215 3012 l.
229 2971 335 3013 dubitare
350 2969 415 3023 quin,
426 2968 477 3011 dana
495 2968 515 3010 le
532 2980 582 3011 sens
636 2970 695 3013 Dici.
708 2971 802 3013 Hist—
815 2976 835 3014 9.
848 2981 903 3013 eum
911 2973 1068 3024 pretiosiset-

161 3030 186 3071 ‹le
202 3046 214 3069 ι
226 3033 324 3076 lre'siter»
341 3038 374 3077 est
386 3044 426 3075 une
438 3031 582 3074 construction
636 3032 682 3074 mte
698 3044 788 3085 rerum,
800 3043 848 3085 roy.
861 3032 926 3076 Rem.
942 3039 976 3077 so.
989 3057 1016 3066 -
1030 3042 1068 3080 lo.

162 3102 214 3133 rare.
224 3114 251 3125 ·-
271 3100 291 3139 5.
306 3097 352 3147 illc,
369 3106 422 3151 pour
432 3105 439 3137 :
451 3098 475 3137 al
487 3093 537 3138 ille.
557 3116 582 3125 κ»
636 3099 770 3148 pratorum,
786 3105 834 3148 vop.
850 3094 909 3136 Dice.
921 3096 982 3140 Hier.
992 3120 1020 3130 -
1031 3103 1068 3143 lt.

162 3156 180 3197 t·
192 3150 280 3207 iopam,
293 3168 339 3212 roy.
351 3158 414 3201 Rem.
430 3162 462 3203 ³4.
474 3179 498 3187 -
512 3165 529 3201 7-
544 3170 582 3201 rm·
637 3161 842 3211 oizeraportem
851 3167 898 3212 vop.
910 3158 977 3203 Ilm.
986 3166 1070 3205 tlt—-
