2317 3500
171 203 207 258 30
498 215 527 265 o.
552 209 644 256 cuerr
668 211 742 255 nuri
891 197 975 271 [eur.
1000 197 1071 272 333]

170 328 193 384 si
207 328 235 384 id
254 327 404 386 eonsilium
419 329 567 386 damnaret
576 329 598 397 ⁸,
616 330 665 384 at⁸
678 325 742 382 ille⁸
756 325 895 382 divideret
910 325 1014 383 saltem
1032 342 1073 381 co-

170 417 231 489 pias
245 417 475 484 innumerabiles,
489 421 561 476 neu⁰
575 417 629 474 sub
644 433 733 474 unum
747 415 870 472 tortune
879 413 1074 475 intumueras

169 509 245 568 vires
259 511 341 584 regni
358 510 459 566 eadere
472 510 628 580 pateretur.

205 602 238 674 [8]
261 601 356 658 Minus
372 601 427 657 hoo
444 599 506 672 regi
523 615 610 671 quam
621 597 787 670 purpuratis
804 596 867 670 ejus
885 597 1071 668 displicebat:

170 690 343 761 ancipitem⁸
356 691 442 746 fidem
457 692 486 745 et
504 688 633 744 merrede
650 687 779 743 venalem
800 685 954 757 proditioni
976 686 1073 742 immi-

168 795 246 848 nere,
262 783 292 837 et
312 778 399 838 dividi
418 795 474 836 non
489 779 525 834 ob
545 777 623 833 aliud
637 775 733 848 copias
747 775 840 832 velle⁹
854 793 942 848 quam
954 779 987 830 ut
1006 775 1071 847 ipsi,

169 867 198 923 in
218 869 330 925 diversa
344 867 476 941 digressi,
497 865 521 922 si
540 866 610 939 quid
624 865 810 922 commissum
827 868 913 938 esset,
926 865 1074 921 traderent

169 957 353 1013 Alexandro:
381 956 452 1012 nihil
482 955 574 1012 tutius
598 956 659 1011 lore
685 972 771 1028 quam
802 954 995 1010 circumdatos
1023 970 1075 1010 eos

170 1045 293 1102 exercitu
308 1048 368 1102 toto
390 1045 472 1101 obrui
487 1044 570 1113 telis,
588 1045 790 1102 documentum
804 1059 862 1100 uon
875 1043 973 1099 inulta
986 1044 1076 1115 perti-

169 1133 221 1190 diae
239 1134 363 1190 futuros,
937 1129 946 1144 ’

206 1223 240 1295 [4]
257 1224 294 1279 At
312 1221 426 1292 Darius,
446 1225 479 1278 ut
489 1224 552 1278 erat
565 1225 681 1278 sanetus
691 1225 714 1258 ¹⁰
732 1237 765 1277 ao
776 1219 866 1289 mitis,
879 1236 912 1277 se
929 1237 998 1276 vero
1010 1225 1076 1277 tan-

168 1315 231 1368 tum
244 1310 351 1367 lacinus
365 1314 452 1384 negat
466 1327 529 1367 esse
541 1311 693 1380 laetorum,
706 1314 738 1366 ut
751 1327 833 1366 suam
848 1313 961 1367 seoutos
975 1310 1077 1382 fidem,

169 1416 238 1456 suos
249 1405 270 1438 ¹¹
290 1399 395 1456 milites
413 1399 513 1472 jubeat
532 1399 680 1456 trucidari.
697 1399 731 1472 [5]
747 1399 838 1465 Quem
854 1398 957 1456 deindo
968 1404 991 1438 ¹¹
1014 1418 1078 1456 am·

168 1488 243 1560 plius
268 1488 416 1544 nationum
447 1491 609 1545 exterarum
633 1489 756 1544 salutem
783 1503 866 1544 suam
893 1488 1079 1548 crediturum

169 1577 232 1644 sibi,
249 1575 272 1632 si
285 1567 460 1634 totmilitum
473 1577 613 1650 sanguino
628 1576 777 1632 imbuisset
786 1572 913 1634 manus?
924 1577 958 1649 [6]
973 1577 1082 1633 Nemi-

169 1683 234 1722 nem
251 1666 386 1722 stolidum
401 1665 553 1722 eonsilium
567 1665 659 1738 eapite
680 1667 758 1722 luere
778 1665 901 1722 debere:
923 1666 1083 1726 defuturos

82 1794 86 1801 -
168 1755 245 1813 enirn
272 1756 321 1829 qui
341 1744 504 1825 suaderent,
525 1756 549 1812 si
564 1756 691 1812 suasisse
705 1756 899 1827 periculosum
916 1760 1004 1813 esset.
1021 1758 1085 1814 De-

168 1844 253 1918 nique
264 1844 370 1917 ipsos⁸³
384 1844 513 1903 ootidiea
527 1862 559 1902 se
573 1845 704 1901 advocari
717 1844 746 1901 in
756 1844 908 1902 eonsilium
921 1846 1085 1923 variasque

167 1928 324 1991 sententies
347 1934 450 2005 dioere,
477 1937 646 1990 nontamen
670 1932 797 1989 melioris
817 1934 883 1989 fidei
906 1933 1007 1991 haberi
1027 1940 1086 2008 qui

167 2021 336 2091 prudentius
350 2020 483 2076 suaserit.
500 2020 533 2091 [7]
550 2020 649 2092 ltaque
666 2019 769 2077 Graeois
788 2021 920 2077 nuntiare
931 2027 956 2059 ¹⁴
970 2021 1086 2094 jubet:

169 2127 185 2161 n
199 2108 293 2179 ipsum
310 2108 425 2179 quidem
439 2112 462 2147 ¹⁵
474 2108 679 2163 benevolentiae
705 2108 821 2165 illorum
842 2110 951 2181 gratias
972 2128 1088 2185 agere3

118 2244 121 2249 .
167 2198 302 2266 ceterum,
319 2195 344 2250 si
364 2198 440 2250 retro
456 2193 498 2249 ire
512 2197 624 2267 pergat,
643 2193 822 2252 hauddubie
842 2213 965 2270 regnum
984 2200 1090 2259 hosti-

168 2283 222 2339 bus
237 2283 421 2341 traditurum.
441 2282 528 2339 Fama
541 2283 617 2339 bella
630 2286 706 2340 stare
716 2288 749 2350 ¹⁸,
764 2287 793 2341 et
813 2301 880 2341 eum
895 2287 944 2358 qui
962 2290 1092 2349 recedat

168 2371 269 2442 sugere
287 2372 371 2427 orodi.
395 2370 538 2427 Trahendi
552 2387 621 2429 vero
643 2372 712 2429 helli
732 2372 778 2428 vix
800 2372 888 2429 ullam
908 2390 971 2431 esso
988 2379 1091 2437 ratio-

168 2475 244 2515 nem.
262 2458 297 2533 [8]
313 2459 334 2513 Τ
337 2463 408 2515 antae
424 2458 500 2515 enim
513 2460 700 2532 multitudini,
716 2460 815 2535 utique
829 2480 894 2520 oum
905 2463 968 2537 jam
982 2464 1091 2525 hiems
1147 2471 1154 2530 ζ

168 2548 300 2618 instaret,
315 2547 345 2606 in
359 2550 476 2621 regione
489 2554 570 2607 vesta
588 2554 617 2607 et
636 2550 757 2616 invicem
775 2569 793 2613 a
811 2551 873 2609 suis
886 2556 973 2626 atque
992 2556 1091 2616 hoste

168 2642 277 2704 vexata,
293 2654 351 2695 non
366 2639 519 2694 sulleotnra
534 2639 679 2695 alimenta.
692 2639 726 2710 [9]
738 2639 780 2695 Ne
794 2639 881 2697 dividi
895 2642 1016 2713 quidem
1029 2664 1091 2705 co-

168 2834 225 2878 oelui
237 2834 263 2877 de
281 2833 365 2877 Darius.
385 2856 411 2867 -
424 2840 444 2878 3.
457 2835 590 2887 domuerat,
648 2840 706 2890 otus,
729 2836 845 2891 tonitrble.
863 2861 890 2870 -
912 2846 945 2884 1¹.
970 2854 1086 2891 mmm

169 2896 594 2952 voy.nem.ee.-o.as,dum0ins.
648 2911 711 2949 soor,
734 2901 847 2956 repetition
871 2904 974 2950 οηωῑη,
994 2932 1024 2941 ,
1055 2919 1088 2954 [ἲ.
1139 2915 1143 2932 .

169 2958 595 3015 ··5·t'ud‚elp16tlf;lt)y.flm·70.-
649 2964 739 3017 deindo,
753 2965 878 3011 ὰόωῃῃῃίς,
899 2990 930 3003 ..
951 2978 985 3016 13.
1006 2975 1093 3028 imos,

168 3028 219 3063 -6,
228 3036 284 3075 neu,
298 3035 351 3078 pour
363 3025 410 3065 et...
424 3032 463 3063 ne.
478 3044 505 3052 —
517 3026 535 3065 71
551 3024 595 3065 suo
648 3026 679 3069 les
687 3025 807 3073 courtisans
814 3030 840 3073 de
848 3030 927 3075 uarius
936 3035 1096 3080 eux-memes.

169 3082 251 3137 totum,
261 3086 355 3128 loculion
367 3084 474 3141 poetique.
485 3091 537 3129 -1,
552 3097 595 3127 oo·
649 3113 674 3119 -
690 3094 721 3133 14.
740 3093 862 3145 nuntiare,
881 3106 931 3149 roy.
952 3098 1029 3145 Rem.
1048 3106 1100 3145 tlt.

167 3142 275 3197 atpium,
299 3148 397 3202 suppltez
428 3146 542 3191 dicebant.
570 3170 595 3179 -
620 3162 625 3243 1
650 3160 723 3196 -15,
749 3154 852 3208 quem,
872 3168 923 3214 '01-
946 3160 1028 3209 ἤδη.
1052 3169 1102 3207 150·

172 3204 186 3247 9
208 3206 474 3263 velle,suppltezeoe.-
490 3216 594 3253 10.roo·
652 3236 677 3243 -
707 3221 738 3259 16.
766 3223 836 3269 stare,
866 3219 979 3274 deponar,
1000 3226 1052 3272 ὄρ,
1082 3249 1109 3258 ..
