2317 3500
103 198 273 276 [133333]
465 215 558 259 ornan
580 215 623 260 1x.
938 205 994 260 313

106 353 115 378 u
139 333 232 387 tantas
246 345 302 398 res,
318 345 375 386 333
397 331 535 402 pecudum
552 330 649 402 fibras,
669 332 734 388 ente
755 329 852 391 oculos
868 331 993 406 habenti,

103 420 193 476 ullum
207 435 269 475 3333
290 421 382 492 majus
407 421 639 493 impedimentum
668 437 754 492 quam
776 427 868 479 vatem
895 441 994 498 super-

102 510 217 566 stitione
234 512 388 581 captumlo
399 509 450 582 [30]
461 510 519 567 Nec
529 511 637 568 diutius
650 527 736 583 quam
750 511 923 583 respondit¹⁸
935 531 996 571 mo-
1024 571 1027 575 ,

102 603 191 669 ratus,
214 598 357 654 admoveri
376 598 456 670 jubet
485 599 586 666 scalas,
607 599 861 672 cunctantibusque
882 603 994 672 ceteris,

102 685 196 742 evadit
210 685 239 740 in
259 703 383 743 murum.

138 776 266 845 Anguste
286 775 361 830 muri
377 789 481 831 corona
495 779 556 832 erat
569 798 576 833 ι
591 792 647 832 333
663 776 754 848 pinnae
763 779 797 844 ²⁸,
822 777 895 832 sicut
918 777 993 847 alibi,

104 860 250 933 fastigium
262 863 324 935 ejus
342 863 539 932 distinxerant,
551 865 601 919 sed
614 869 749 936 perpetua
767 863 855 920 lorica
874 863 996 919 obducta

103 949 254 1006 transitum
269 955 413 1023 empserat.
430 951 481 1023 [31]
498 953 596 1024 ltaque
609 968 659 1008 rex
674 954 799 1009 haerebat
809 953 901 1025 magis
910 969 995 1024 quam

104 1037 197 1094 stabat
215 1038 243 1094 in
258 1039 396 1112 margine,
419 1039 508 1110 clipeo
534 1039 658 1111 undique
677 1040 830 1096 incidentia
848 1042 906 1096 tela
929 1055 993 1111 pro-

104 1127 247 1197 pulsans:
273 1143 338 1183 nam
364 1127 468 1198 ubique
487 1126 598 1182 eminus
626 1144 658 1182 ex
682 1127 810 1183 turribus
837 1126 993 1198 petebatur.

105 1213 155 1284 [33]
170 1213 227 1270 Ν33
240 1215 334 1271 subire
349 1215 454 1272 milites
468 1219 609 1286 poterant,
622 1215 689 1288 quia
702 1215 861 1288 superseri
874 1215 995 1271 telorum

104 1303 305 1360 obruebantur·
320 1305 445 1360 Tandem
469 1303 696 1376 magnitudinem
719 1303 836 1374 periculi
858 1304 948 1373 pudor
959 1301 998 1358 vi·

103 1390 183 1462 oit¹⁷,
197 1392 298 1464 quippe
312 1393 465 1450 cernebant
478 1393 657 1448 cunctatione
669 1408 721 1447 sua
732 1391 795 1447 dedi
808 1391 937 1447 hostibus
952 1407 997 1445 re-

105 1493 181 1548 gem.
194 1477 244 1550 [33]
260 1479 316 1534 Sed
332 1479 489 1536 lestinando
504 1480 690 1535 morabantur
703 1477 814 1535 auxilia.
831 1477 914 1546 Nam,
929 1478 997 1532 dum

105 1579 157 1634 pro
169 1581 199 1620 se
215 1565 333 1637 quisque
348 1569 467 1621 certat²⁸
478 1567 606 1632 evadere,
622 1582 774 1622 oneravere
792 1566 997 1637 33313333133ο

106 1668 162 1707 non
185 1653 398 1721 sufficientibus,
419 1653 553 1716 devoluti,
566 1654 678 1708 unicam
699 1669 780 1724 spem
799 1653 875 1726 regis
889 1654 998 1709 tofella-

107 1744 184 1799 runt.
201 1741 300 1799 Stabat
314 1741 390 1797 enirn
407 1741 437 1796 in
452 1745 604 1811 conspectu
622 1740 694 1796 tanti
707 1741 859 1812 exereitus,
876 1740 997 1798 velutin

106 1830 258 1887 solitudine
272 1830 436 1887 destitutus.

136 2006 258 2057 Tembritd
270 2005 448 2069 d'dlexandre3
460 2004 478 2054 il
491 2008 528 2053 est
539 2003 638 2068 blesst3
652 2002 809 2068 inquittudes
818 2002 966 2053 del'armde.

141 2146 175 2201 V.
198 2145 230 2219 [1]
249 2145 368 2219 Jamque
391 2148 500 2211 laevam,
522 2160 578 2216 qua
596 2143 716 2215 clipeum
735 2145 770 2200 ad
787 2143 861 2198 ictus
880 2142 1000 2197 circum-

106 2235 222 2303 ferebat,
234 2237 400 2301 lassaverat,
415 2234 618 2291 clamantibus¹
629 2232 726 2287 amieis
742 2236 774 2287 ut
787 2232 822 2287 ed
836 2230 914 2301 ipsos
928 2230 1001 2287 desi-

106 2326 181 2394 liret,
196 2326 362 2398 stabantque
375 2322 516 2395 excepturi
533 2338 615 2377 :cum
629 2321 676 2376 ille
688 2336 748 2376 rene
763 2335 849 2374 ausus
860 2321 903 2374 est
911 2317 1001 2375 incre-

107 2414 220 2469 dibilem
248 2418 332 2485 atque
356 2412 523 2480 inauditam,
548 2410 695 2481 multoque
715 2409 807 2479 magis
826 2408 878 2463 333
897 2407 999 2463 lamam

106 2500 275 2556 temeritatis
287 2518 372 2573 quam
380 2500 501 2573 gloriam
511 2498 663 2569 insignem.
676 2496 709 2568 [2]
722 2496 849 2569 Namque
862 2496 891 2551 in
902 2497 1000 2552 urbem

108 2587 234 2642 hostium
247 2590 359 2659 plenam
373 2588 508 2661 praecipiti
523 2587 598 2641 saltu
613 2585 763 2657 semetipse
779 2584 909 2648 immisit,
934 2600 1000 2639 eum

7 2689 11 2698 “
107 2678 153 2734 vix
175 2691 288 2745 sperare
309 2680 407 2747 posset
430 2676 611 2733 dimicantem
634 2678 710 2730 certe
733 2679 761 2730 et
790 2690 849 2729 non
878 2671 1001 2727 inultum

108 2781 169 2822 esse
183 2764 355 2821 moriturum
371 2782 377 2818 :
394 2765 506 2837 quippe,
518 2767 669 2833 antequam
686 2764 861 2834 assurgeret,
879 2758 1000 2831 opprimi

108 2941 182 2979 tronus
201 2932 362 2989 implicilement
382 2932 434 2976 dans
448 2944 485 2975 33.
504 2954 531 2963 -
582 2927 1002 2985 reposcentes-erotem,turpius

108 3003 219 3050 atquem
236 2997 366 3049 rsepondit,
376 2994 528 3037 sous-entendu
582 2995 692 3047 forteque.
707 3014 734 3023 -
746 2995 863 3041 23333331,
878 3002 925 3044 roy.
939 2991 1001 3033 Rem.

3 3063 8 3072 ’
108 3059 171 3111 dum,
184 3058 329 3101 c'est-t-diro:
345 3057 472 3111 deperdant
486 3068 527 3110 que
583 3063 627 3100 113.
638 3078 665 3086 -
677 3061 709 3098 29.
723 3054 784 3107 quis,
795 3064 844 3109 roy.
856 3053 964 3096 1133331.

109 3118 129 3159 13
143 3124 211 3175 temps
225 3121 318 3176 pendant
334 3119 402 3174 lequel
417 3118 433 3161 il
452 3119 527 3173 repon·
607 3119 638 3160 V.
655 3124 674 3161 1.
693 3115 857 3168 montibus,
873 3127 921 3171 roy.
938 3114 1001 3158 13333.

110 3179 148 3223 dil·
163 3203 190 3215 -
207 3190 241 3229 at.
261 3194 357 3237 wrooo,
376 3183 464 3237 pamm,
474 3186 526 3234 etc..
580 3186 625 3225 125.
637 3200 665 3214 -
679 3183 700 3222 2.
711 3177 749 3228 ad,
767 3189 815 3232 vop.
831 3178 894 3220 Rom.
915 3183 960 3221 llo.
975 3196 1001 3209 -
