2317 3500
507 157 537 207 o.
559 153 653 198 cunni
677 153 751 196 surr
881 129 995 218 [arvus
1012 129 1087 214 331]

181 271 260 326 vium
279 268 401 341 patiens
431 283 466 326 nc
489 271 557 325 sunt
575 267 668 324 stadia
686 266 826 323 mollioris
847 265 911 336 soli,
936 281 987 338 por
1009 266 1093 339 quod

181 359 238 414 leni
256 360 349 414 tractu
369 375 507 430 aquarum
523 358 638 413 Persico
656 356 729 412 mari
746 373 777 412 se
791 355 927 412 insinuat.

219 445 253 518 [3]
269 449 358 502 Amne
373 452 517 519 superato,
530 463 595 502 cum
610 463 639 502 xx
660 445 786 500 millibus
800 443 927 517 peditum
942 447 971 500 et
985 445 1096 517 Agria-

182 535 227 590 nis
255 535 467 608 sagittariisque
476 541 498 597 ³,
523 541 549 590 ct
568 535 731 590 Graecorum
751 535 1015 590 mercennariorum
1038 535 1096 590 tri-

181 624 235 680 bus
275 624 401 680 millibus
440 624 544 680 additis
572 625 712 680 Thracum
741 621 832 688 mille,
871 623 900 679 in
939 623 1096 695 regionem

183 711 320 768 Uxiorum
349 712 485 784 pervenit.
506 711 640 767 Finitima
667 711 749 767 Susis
780 716 834 780 est,
859 715 888 768 et
911 711 940 766 in
965 711 1096 783 primam

184 800 349 858 Persidem⁴
367 801 500 870 excurrit,
523 803 619 855 artum
640 799 715 856 inter
737 817 767 856 se
783 804 812 856 et
825 799 964 858 Susianos
977 801 1095 857 aditum

184 889 357 962 relinquens.
375 889 408 961 [l]
421 888 546 945 Medates
555 892 617 945 erat
626 889 752 962 regionis
762 889 925 960 praelectus
935 889 1014 945 haud
1022 906 1097 946 sano

185 983 344 1049 temporum
361 978 476 1044 homor,
491 977 595 1050 quippe
608 977 710 1033 ultima
721 993 773 1049 pro
788 977 845 1033 fide
859 977 981 1049 experiri
996 979 1098 1034 decre·

185 1071 274 1123 verat.
290 1065 324 1140 [5]
345 1066 402 1122 Sed
422 1066 506 1138 periti
526 1066 656 1122 locorum
674 1067 867 1121 Alexandrum
883 1063 986 1123 docent
998 1067 1098 1123 occul-

186 1161 248 1214 tum
258 1157 311 1212 iter
322 1173 384 1213 esse
396 1173 446 1228 per
462 1157 548 1213 ealles
567 1159 596 1212 et
614 1171 746 1211 aversum
761 1155 795 1210 ab
810 1155 903 1211 urbe⁰
918 1175 925 1210 ε
943 1155 968 1212 si
985 1173 1099 1228 paucos

187 1244 313 1300 misisset
320 1244 421 1300 leviter
436 1247 573 1311 armatos,
587 1259 673 1315 super
690 1242 781 1315 capita
801 1242 928 1298 hostium
942 1259 1096 1302 evasuros

189 1332 225 1404 [6]
250 1331 321 1387 Cum
347 1331 499 1388 consilium
522 1331 686 1403 planxisset,
708 1331 794 1387 iidem
816 1331 952 1388 itinerum
974 1333 1099 1392 fuerunt

188 1418 284 1475 duces.
300 1436 321 1474 u
336 1423 365 1475 et
383 1437 401 1475 o
416 1420 546 1476 mercede
564 1419 697 1476 conducti
711 1423 740 1476 et
754 1419 870 1492 Agriani
896 1421 954 1476 lere
976 1437 997 1476 u
1017 1422 1099 1479 Tau-

189 1508 251 1563 roni
272 1508 410 1580 ,prolecto
436 1509 548 1564 datico
571 1511 637 1580 post
657 1507 727 1564 solis
746 1524 877 1564 occasum
897 1509 952 1565 iter
977 1509 1099 1582 ingredi

186 1613 269 1669 Jussx.

225 1685 258 1759 [7]
282 1684 354 1759 lpse,
367 1684 452 1742 tertia
464 1684 577 1761 vigilia⁷
592 1684 693 1741 castris
710 1685 795 1742 motis
808 1684 899 1741 circa⁸
910 1683 982 1741 lucis
995 1689 1100 1745 ortum

188 1778 304 1846 superat
320 1776 477 1849 angustias,
497 1792 625 1849 caesaque
644 1774 764 1831 materia
778 1774 903 1830 cratibus
924 1778 952 1829 et
964 1777 1102 1845 pluteis⁹

189 1865 354 1922 iaciendis¹⁰
368 1869 399 1921 ut
416 1867 463 1938 qui
483 1869 578 1922 turres
603 1866 786 1920 admouerent
812 1866 891 1919 extra
915 1862 964 1918 teli
983 1864 1102 1936 Jactum

189 1957 294 2022 essent,
319 1955 419 2009 urbem
441 1955 571 2010 obsidere
591 1952 683 2024 coepit.
705 1952 738 2026 [8]
759 1952 910 2023 Praerupta
928 1956 1011 2008 erant
1029 1970 1103 2012 om-

190 2041 247 2110 nia,
264 2042 339 2097 saxis
356 2045 386 2097 et
410 2042 520 2097 cotibus
544 2040 689 2113 impedita.
711 2040 808 2096 Multis
833 2056 902 2113 ergo
925 2041 1104 2101 uulneribus

191 2129 310 2201 depulsi,
327 2133 359 2185 ut
373 2130 476 2201 quibus
493 2146 550 2186 uon
564 2146 629 2185 cum
648 2130 729 2185 hoste
744 2129 849 2199 solum,
865 2126 915 2185 sed
930 2128 1017 2185 etiam
1029 2146 1104 2188 oum

191 2219 251 2274 loco
265 2218 458 2274 dimicandum
472 2221 558 2283 esset,
571 2217 605 2291 [9]
617 2217 750 2273 subibant
759 2220 866 2285 tamen,
876 2232 944 2288 qula
957 2233 1007 2273 rex
1020 2224 1105 2277 inter

193 2306 301 2377 primos
326 2307 493 2363 constiterat
514 2306 706 2379 interrogans,
735 2308 812 2362 utot
834 2305 952 2361 urbium
970 2306 1104 2366 victores

192 2410 228 2447 au
238 2399 260 2429 ¹¹
273 2394 472 2451 erubescerent
479 2401 502 2432 ¹⁸
517 2395 625 2450 haerere
635 2394 665 2448 in
679 2392 826 2450 obsidione
839 2392 947 2450 castelli
956 2394 1056 2467 exigui
1073 2403 1106 2455 et

193 2481 336 2552 ignobilis,
346 2483 432 2537 simul
444 2484 599 2539 admonens
616 2480 781 2538 Towroncm
792 2498 863 2539 mos
872 2482 1026 2539 auxilium
1038 2502 1106 2543 essc

194 2574 365 2624 totorum.»
394 2568 472 2625 lntcr
494 2570 553 2625 haec
576 2569 687 2625 eminus
707 2571 874 2640 petebatur:
897 2587 983 2643 quem
1005 2575 1105 2631 tostu-

194 2764 244 2796 avao
256 2764 284 2794 un
298 2750 556 2807 oourspluslranqui1103
566 2763 614 2806 roy.
670 2758 688 2795 o.
707 2753 771 2795 urbe.
791 2750 851 2795 Getta
864 2750 915 2794 villo
933 2756 967 2794 est
982 2754 1104 2809 completa-

194 2817 291 2858 Rem.2s
301 2815 321 2857 b.
336 2836 363 2846 -
375 2820 394 2859 3.
413 2814 552 2868 saginastis,
566 2824 616 2868 roy.
669 2817 728 2871 ment
739 2812 852 2856 inconuuo.
868 2835 896 2843 —
912 2820 931 2855 7.
943 2812 1039 2867 uigilia,
1052 2826 1107 2871 voy.

197 2879 252 2919 Dict.
274 2877 333 2919 Hist.
352 2898 378 2909 -
399 2881 419 2919 t.
440 2877 546 2929 prumam
561 2876 617 2915 Pcr-
671 2875 727 2917 Diot.
741 2876 800 2917 Hist.
817 2882 872 2920 —8.
888 2876 1018 2931 circonoy.
1036 2878 1108 2921 Rem.

194 2940 276 2991 sidem,
300 2938 385 2981 l'entric
411 2938 436 2980 do
458 2937 478 2979 la
498 2937 569 2978 Perse.
591 2957 615 2966 -
673 2944 716 2981 178.
731 2959 757 2969 -
771 2943 790 2980 9.
809 2936 921 2987 cratibus,
934 2936 1031 2989 pluteis,
1054 2952 1101 2995 γυ]

196 3008 215 3043 o.
236 3005 367 3055 temporum
386 3003 464 3053 bomo,
482 3000 565 3041 homme
580 2997 618 3052 qui
671 3001 729 3043 Dici.
747 3002 806 3043 Hist.
821 3022 843 3031 -
865 3006 897 3043 10.
909 2998 1043 3051 faciendis,
1055 3014 1110 3057 voy.

195 3060 276 3113 change
291 3074 340 3104 arec
355 3062 386 3105 los
405 3062 573 3112 circonstanees3
591 3059 617 3102 ci.
671 3060 734 3103 Ram.
743 3067 776 3104 92.
785 3080 812 3090 -
825 3066 857 3103 ll.
869 3057 1044 3113 unnolecm.
1060 3069 1112 3106 los.

195 3124 341 3176 'crapacorio
353 3125 455 3180 ingenio,
468 3122 506 3175 1v,
515 3131 539 3176 v,
551 3128 583 3166 ll·
673 3122 908 3168 —12.ocubcacor0nl.
917 3130 965 3169 uox.
973 3111 1047 3162 xlm.
1061 3131 1112 3185 ¹l³=
