2317 3500
151 33 210 90 336
479 43 509 94 o.
534 40 627 85 cunm
650 40 724 83 nuri
885 19 977 99 [nur.
999 28 1093 109 326]

151 160 220 216 dum
234 159 305 214 luit:
323 174 400 215 nunc
417 173 471 213 nos
486 157 597 228 Scythae
616 158 795 227 sequuntur,
814 154 974 213 Bactriana
993 158 1092 213 auxi-

150 248 189 303 lia
206 251 311 318 praesto
327 250 412 316 sunt3
435 246 521 302 ltaliae
543 244 738 317 Sogdianique
756 244 833 300 inter
850 260 906 301 nos
925 246 1089 304 militant.

151 335 201 410 [25]
215 335 274 391 Nec
287 340 383 393 umen
392 336 433 392 illi
447 336 539 392 turbae
551 334 671 389 confido.
685 333 805 389 Vestras
815 350 922 391 manua
936 336 1087 413 intueor,

149 429 274 482 vestram
286 425 422 482 virtutem
437 440 534 480 rerum
549 440 621 496 quas
641 426 778 495 gesturus
794 439 860 478 sum
873 424 983 479 vadem
997 443 1089 496 prae-

151 515 302 588 demque²⁷
321 515 420 571 habeo.
442 513 586 579 Quamdiu
602 511 750 569 vobiscum
770 510 800 566 in
821 511 882 567 acie
899 514 1002 581 stabo,
1023 532 1088 573 nec

151 604 238 661 mei¹⁸
251 619 303 660 nec
321 605 448 661 hostium
462 603 602 659 exercitus
617 616 748 657 numero.
768 600 827 656 Vos
845 602 935 658 modo
952 604 1087 661 animos

152 694 222 750 mibi
240 694 341 766 plenos
362 692 519 751 alacritatis
535 707 569 747 ac
583 689 693 746 fiduciae
712 688 856 745 adhibete.
873 690 927 762 [26]
949 690 1023 747 Non
1049 696 1085 749 in

152 782 250 838 limine
263 797 382 853 operum
397 782 584 852 laborumque
599 782 775 846 nostrorum,
788 779 839 834 sed
853 777 884 833 in
903 779 999 845 exitu,
1016 786 1087 839 sta-

153 887 227 926 mus.
240 870 426 927 Pervenimus
435 870 471 925 ad
483 869 553 925 solis
566 870 663 925 ortum
676 870 706 923 et
719 866 880 923 Oceanum:
897 868 956 925 nisi
974 870 1087 931 obstat

152 957 277 1031 ignavia,
296 959 363 1015 iude
381 959 513 1027 victores,
537 955 696 1029 perdomito
716 956 773 1011 tine
791 960 950 1026 terrarum,
972 974 1086 1017 rever-

153 1050 249 1104 temur
272 1047 302 1104 in
323 1048 454 1121 patriam.

191 1156 205 1189 o
221 1136 325 1205 Nolite,
340 1139 416 1209 quod
428 1137 502 1209 pigri
515 1134 647 1208 agricolae
661 1134 780 1204 faciunt,
799 1137 932 1191 maturos
953 1137 1083 1199 fructus

154 1240 205 1295 per
219 1223 353 1281 inertiam
365 1226 498 1281 amittere
515 1241 530 1280 e
546 1223 687 1279 manibus.
714 1222 765 1295 [27]
784 1223 891 1296 Maiora
907 1229 981 1282 sunt
993 1231 1084 1299 peri-

154 1313 227 1369 culis
244 1313 382 1383 praemia:
405 1313 485 1368 dives
507 1314 607 1368 eadem
631 1316 660 1369 et
681 1311 805 1367 imbellis
830 1315 875 1368 est
894 1316 993 1387 regio.
1020 1318 1082 1375 lta-

155 1418 210 1475 que
229 1404 361 1457 nontam
382 1401 419 1456 ad
439 1400 562 1472 gloriam
583 1415 634 1455 vos
658 1399 730 1457 duco
753 1416 840 1471 quam
864 1402 900 1455 ad
924 1406 1081 1473 praedam.

156 1488 240 1561 Digni
257 1489 326 1544 estis
348 1489 396 1561 qui
415 1505 494 1559 opos,
513 1505 583 1561 quas
604 1488 675 1544 illud
693 1504 772 1544 mare
791 1489 926 1545 litoribus
943 1491 1081 1565 invehit,

157 1579 289 1636 celeratis
308 1579 338 1634 in
360 1578 480 1651 patriam
492 1597 500 1646 ς
513 1577 604 1651 'digni
622 1578 671 1650 qui
687 1578 758 1633 nihil
776 1578 971 1650 inexpertum,
996 1584 1083 1643 nihil

156 1671 234 1725 metu
249 1667 398 1735 omissum,
414 1667 593 1740 relinquatis.
604 1668 655 1739 [28]
667 1670 721 1721 Per
735 1683 786 1723 vos
802 1667 989 1739 gloriamque
1004 1690 1084 1731 ves.

159 1762 243 1827 tram,
259 1775 316 1831 qua
334 1759 492 1814 humanum
506 1755 652 1829 fastigium
668 1756 812 1824 exceditis,
834 1773 943 1828 perque
957 1764 989 1817 et
1006 1781 1083 1821 mea

158 1846 186 1901 in
201 1862 262 1912 vos,
275 1849 303 1902 et
321 1844 350 1900 in
375 1861 421 1900 me
436 1848 532 1900 vostra
550 1844 662 1914 merita,
682 1843 786 1915 quibus
800 1844 898 1900 invicti
916 1851 1084 1909 contendi-

159 1937 265 2001 musw,
287 1950 337 1992 oro
361 1950 512 2006 quaesoque
532 1950 568 1990 ne
594 1934 784 1990 humanarum
806 1951 905 1990 rernm
924 1939 1083 1999 terminos

159 2024 309 2079 adeuntem
320 2024 467 2077 alumnum
477 2021 759 2094 commilitonemque
768 2027 909 2094 vestrum,
924 2040 961 2080 ne
974 2025 1081 2086 dicam

159 2127 269 2183 regem,
283 2110 431 2166 deseratis.

197 2220 210 2250 u
223 2199 274 2270 [29]
284 2199 385 2256 Cetera
399 2198 480 2254 vobis
492 2199 641 2271 imperavi,
652 2201 706 2255 hoc
719 2216 808 2256 unum
820 2199 974 2259 debiturus
990 2220 1078 2261 sum.

160 2285 195 2340 Et
213 2287 236 2341 is
253 2304 304 2343 vos
324 2304 405 2362 rogo,
425 2288 474 2360 qul
497 2287 568 2344 nihil
587 2305 722 2360 nmquam
747 2290 828 2345 vobis
852 2292 975 2363 praecepi
997 2297 1077 2366 quin

163 2370 273 2442 primus
285 2389 331 2429 me
339 2373 473 2445 periculis
482 2374 646 2446 obtulerim,
659 2376 706 2448 qui
716 2393 790 2448 saepe
799 2376 888 2432 aciem
900 2379 993 2451 clipeo
1004 2397 1078 2438 meo

161 2461 226 2516 teni.
242 2460 283 2515 Nc
297 2460 473 2532 infregeritis
487 2462 516 2517 in
534 2463 666 2520 manibus
680 2463 752 2520 meis
768 2466 892 2536 palmam
915 2483 973 2538 qua
996 2470 1078 2526 ller-

159 2551 250 2606 culem
263 2537 453 2621 Liberumque
467 2550 591 2623 Patrem,
602 2552 625 2607 si
642 2552 921 2624 invidiauabluerit,
934 2561 1072 2629 aequabo.

161 2731 210 2774 roy.
220 2718 279 2761 utet.
290 2718 351 2760 Htst.
358 2741 385 2749 -
394 2723 427 2761 27.
438 2719 520 2761 cadem
525 2731 586 2772 prae·
639 2737 651 2760 c
661 2721 714 2772 Quis
721 2722 779 2766 subit
786 2722 808 2766 in
821 2735 904 2779 poenam
912 2726 1000 2781 capitali
1007 2729 1073 2784 iudi-

161 2781 213 2822 dem
231 2792 281 2833 que,
295 2785 372 2823 termes
387 2779 518 2834 juridiques‚
533 2781 586 2823 dont
638 2783 686 2826 cio?
707 2785 760 2827 Vas.
771 2785 827 2837 Quid
841 2786 861 2828 si
875 2785 903 2828 lis
920 2787 986 2832 luerit
1005 2803 1074 2836 uum-

161 2841 181 2881 le
190 2841 282 2894 premier
295 2842 402 2895 s’emploie
416 2855 442 2884 en
453 2842 537 2896 parlant
549 2843 586 2884 des
639 2845 720 2887 marial
728 2848 1071 2907 Pras.»-as.met,roy.flem.

163 2903 381 2955 prcctsaucriminel,
394 2910 416 2946 et
431 2905 450 2946 le
461 2903 538 2946 second
548 2904 586 2945 dea
639 2913 671 2950 5³.
681 2928 707 2938 -
720 2914 753 2952 29.
769 2909 942 2967 ccuundtmua,
954 2925 1012 2958 uuus
1026 2915 1073 2958 lut·
1142 2921 1143 2934 ³

164 2965 237 3014 proces
247 2977 274 3006 an
290 2965 349 3016 civil,
362 2978 442 3008 cornuis
449 2968 469 3008 le
481 2969 585 3020 prouvent
638 2973 686 3010 tons
695 2969 764 3020 (entre
773 2974 835 3023 nous)
845 2983 895 3014 sans
907 2983 963 3016 uuus
973 2975 1072 3022 raiucra.

164 3024 259 3066 cesdeux
270 3039 318 3069 vers
331 3028 446 3080 d'rtusona,
454 3028 520 3083 lagu.
530 3029 583 3071 Xll:
640 3036 700 3073 -3u
710 3031 809 3083 invidia,
821 3034 920 3087 suppltaz
929 3036 1042 3084 deorum.
1051 3063 1073 3073 -
