2317 3500
154 216 209 283 lla
463 225 509 288 ’0.
532 225 624 279 cultri
647 233 720 278 num
822 215 876 300 [ler
890 234 960 279 ocu.
977 213 1051 299 331]

151 350 308 408 ludibrium
331 349 478 406 oculorum
499 348 559 405 sive
578 365 646 406 vera
672 347 778 421 species
807 348 871 418 fuit,
900 349 948 421 qui
976 348 1055 405 circa

153 440 341 496 Alexandrum
356 442 439 495 erant
459 434 563 495 vidisse
583 455 613 494 so
637 438 818 494 crediderunt
833 439 950 509 paulum
966 454 1056 509 super
1099 431 1102 435 ’

151 531 236 602 caput
249 519 447 602 regisplaoido
462 529 606 585 volantem
621 527 755 600 aquilam,
779 543 836 583 non
862 544 933 586 sono
956 544 1059 583 armo-

152 633 227 683 rum,
255 632 313 672 nou
336 615 445 688 gemitu
465 615 651 672 morientium
676 615 826 671 territam:
850 615 956 688 dinque
980 615 1060 672 circa

153 722 260 777 equum
274 705 424 762 Alexandri
441 704 576 776 pendenti
585 709 608 742 ³⁰
622 703 714 775 magis
727 721 814 776 quam
826 704 934 760 volanti
952 701 1059 760 similis

154 794 293 866 apparuit.
311 793 365 867 [27]
381 793 494 850 Certe³¹
508 798 589 849 vates
603 793 780 863 Aristander,
795 794 859 850 alba
873 796 952 849 veste
972 793 1060 848 indu-

153 888 201 940 tus
223 887 252 939 et
270 884 371 963 dextra
390 882 544 952 praeferens
562 883 701 948 lauream,
723 881 861 938 militibus
882 881 911 937 in
926 898 1061 955 pugnam

154 972 271 1029 intentis
284 988 364 1028 avem
384 972 573 1038 monstrabat,
588 972 664 1028 haud
681 971 798 1026 dubium
814 970 940 1028 victoriae
959 970 1062 1042 auspi-

154 1060 238 1116 cium.
254 1057 307 1132 [28]
331 1057 436 1130 lugens
450 1075 521 1131 ergo
545 1061 677 1115 alacritas
700 1062 729 1114 et
753 1059 856 1116 fiducia
883 1061 968 1131 paulo
987 1062 1061 1117 aute

154 1149 271 1206 territos
285 1147 413 1204 accendit
433 1149 469 1203 ad
495 1165 631 1219 pugnam,
660 1147 759 1219 ntique
782 1151 935 1220 postquam
955 1147 1064 1221 auriga

155 1236 244 1307 Darii,
260 1236 308 1309 qui
321 1239 386 1292 ante
401 1236 495 1306 ipsum
508 1236 610 1291 sedens
623 1251 711 1308 equos
722 1236 848 1308 regebat,
863 1237 945 1292 hasta
958 1240 1064 1294 traus-

155 1329 257 1383 fixus⁵²
274 1331 327 1383 est.
350 1326 409 1382 Nec
421 1329 472 1382 aut
494 1324 591 1382 Persae
609 1329 686 1382 aut⁵⁵
700 1326 866 1383 Macedones
892 1326 1065 1386 dubitavere

156 1416 225 1489 quin
241 1416 301 1486 ipse
316 1431 364 1471 rex
378 1418 454 1470 esset
466 1415 584 1471 occisus.
607 1416 657 1488 [29]
675 1416 752 1488 Ergo
772 1416 887 1486 lugubri
902 1415 1016 1472 ululatu
1034 1422 1067 1474 et

156 1503 300 1561 incondito
314 1503 438 1561 elamore
463 1502 630 1576 gemituque
651 1508 741 1560 totam
769 1505 828 1561 lere
853 1505 941 1561 aciem
965 1507 1067 1565 adhuc

156 1608 237 1666 aequo
254 1593 345 1648 Marte
360 1593 579 1665 pugnantinm⁵⁴
591 1593 739 1649 turbavere
754 1594 866 1666 cognati
883 1593 960 1650 Darii
973 1599 1001 1650 et
1014 1613 1068 1653 ar-

156 1683 286 1756 migeri⁵⁵
297 1703 305 1740 z
317 1682 476 1756 laevumque
490 1699 579 1739 cornu
593 1683 622 1740 in
642 1684 740 1757 lugam
753 1685 874 1741 effusum
889 1684 1069 1746 destituerat

156 1790 282 1844 currum,
298 1791 384 1848 quem
406 1792 423 1831 a
441 1774 541 1830 dextra
558 1778 639 1845 parte
654 1774 750 1845 stipati
770 1774 798 1829 in
814 1774 940 1831 medium
955 1792 1068 1847 agmen

157 1869 334 1935 receperunt.

151 2016 153 2020 ,
193 1952 248 2027 [3ο]
271 1951 391 2021 Dicitur,
416 1952 562 2009 acinaoe⁸⁶
589 1952 696 2017 stricto,
727 1951 830 2007 Darius
850 1950 995 2007 dubitasse
1027 1970 1068 2010 an

157 2040 232 2113 lugae
245 2041 366 2097 dedecus
376 2043 495 2098 honesta
506 2045 598 2097 morte
608 2041 727 2097 vitaret:
737 2042 796 2108 sed,
806 2040 962 2097 eminens³⁷
973 2057 1069 2099 curru

157 2131 285 2185 nondum
303 2146 417 2185 omnem
438 2146 555 2186 suorum
574 2130 663 2185 aciem
688 2130 786 2200 proelio
806 2130 987 2185 excedentem
1010 2132 1070 2187 de-

157 2218 275 2274 stituere
290 2218 514 2286 erubescebam,
535 2218 660 2289 dumque
678 2217 752 2275 inter
766 2234 850 2290 spem
878 2221 907 2274 et
930 2217 1071 2290 despera-

156 2305 400 2376 tionemhaesitat,
427 2306 534 2361 sensim
558 2306 653 2362 Persae
681 2307 817 2363 cedebant
844 2310 871 2361 el
894 2308 1070 2366 laxaverant

158 2394 282 2450 ordines.
296 2394 351 2467 [31]
367 2396 534 2465 Alexander,
549 2398 660 2451 mutato
673 2411 756 2467 equo,
769 2394 871 2467 quippe
888 2395 985 2466 plures
996 2395 1070 2451 fati-

158 2487 284 2553 generat,
299 2483 495 2539 resistentium
510 2485 628 2540 adversa
643 2500 693 2539 ora
704 2484 867 2552 fodiebat⁵⁹,
888 2482 1069 2555 fngientium

158 2573 251 2642 terga.
270 2569 324 2641 [32]
338 2570 460 2642 Jamque
474 2587 530 2626 non
545 2586 653 2642 pugna,
670 2572 719 2625 sed
730 2570 820 2625 caedes
840 2573 910 2637 erat,
927 2587 992 2625 cnm
1007 2572 1066 2629 Da·

159 2658 219 2715 rius
233 2675 346 2731 quoqne
359 2675 478 2715 currum
493 2676 577 2716 suum
593 2658 622 2713 in
644 2658 743 2731 lugam
762 2658 858 2715 vertit.
884 2658 1019 2716 Haerebat
1035 2663 1069 2720 in

160 2858 224 2901 nemi.
238 2881 265 2890 —
277 2862 311 2902 30.
321 2856 440 2912 perdenti,
453 2855 583 2909 planant-
637 2860 734 2910 rapporto
746 2854 822 2909 qu'aux
834 2855 916 2897 Perses.
927 2878 954 2886 —
975 2862 1010 2900 35.
1028 2870 1071 2902 oo-

160 2928 192 2966 ³¹.
209 2926 275 2975 mle,
291 2920 343 2975 quoi
367 2918 419 2973 qu'il
440 2930 466 2961 en
486 2917 535 2961 soit.
555 2940 583 2949 -
636 2917 1072 2973 nnatbermlceoivoullict.Hist-

160 2990 193 3028 82.
211 2986 351 3038 transslata,
370 2994 393 3025 co
411 2981 445 3024 lut
463 2978 582 3023 Alexandro
637 2984 670 3024 lo.
689 2982 793 3032 acinace,
818 2992 867 3035 roy.
881 2980 942 3023 Dice.
953 2981 1016 3024 Hist.
1041 3009 1071 3017 -

159 3043 197 3099 qui
210 3044 231 3087 lo
250 3051 293 3099 tua,
314 3044 400 3088 suivant
416 3042 506 3086 Diodoro
518 3042 582 3095 (xvn,
637 3048 669 3086 ³7.
679 3043 790 3095 minens,
799 3042 994 3096 e'est3l-direquio
1007 3048 1073 3090 esni-

160 3105 201 3155 oo).
211 3112 279 3150 -33,
291 3118 334 3149 nee
342 3110 409 3150 ool...
417 3108 582 3156 out‚eonstrur÷
636 3106 773 3148 nabot-38.
781 3105 931 3156 erubescebat,
938 3114 988 3159 roy.
998 3106 1072 3152 Rem.

159 3164 205 3207 tion
223 3173 308 3211 ourlout
326 3168 434 3223 employte
445 3178 482 3220 par
493 3166 525 3208 les
537 3164 582 3208 bis-
637 3173 682 3211 113.
692 3173 757 3211 -39,
770 3166 879 3217 fodiebat,
893 3165 1016 3221 vonllom.
1032 3176 1072 3224 34,

161 3225 248 3271 torieuo.
258 3250 285 3261 -
296 3235 329 3274 Ab.
340 3229 500 3285 pomatium
517 3241 543 3272 ne
558 3240 582 3270 oo
635 3231 656 3269 et
669 3230 730 3271 Rem.
744 3234 777 3280 42,
788 3239 841 3282 pour
857 3228 876 3269 lo
894 3226 970 3281 pluriel
988 3233 1070 3285 terqa,
