2317 3500
123 11 194 106 ’446
462 60 492 112 o.
515 57 609 104 ouum
629 56 708 103 aori
828 39 943 122 [entur.
960 38 1036 124 329]

137 175 252 250 Aperiat
267 177 303 232 ad
324 175 378 232 hoc
397 173 587 247 spectaculum
604 171 701 229 oculos
720 171 838 229 Darius!
855 171 980 228 Exsietat
999 173 1038 228 ab

139 265 247 335 interis,
277 265 326 338 qui
349 263 398 321 illo
418 261 555 337 supplicio
579 261 714 335 indignus
728 262 791 327 suit,
805 264 834 317 et
853 261 907 318 hoc
927 261 1039 318 solacio

139 355 242 428 dignus
256 356 344 411 estl»
1092 356 1096 360 “

176 441 230 516 [38]
254 441 420 512 Alexander,
441 441 564 496 multum
594 439 753 496 collaudato
773 438 947 512 Spitamene,
968 454 1042 494 con-

75 515 78 520 ’
139 548 239 589 versus
251 533 286 588 ad
298 535 433 587 Bessum:
452 549 465 583 c
485 529 572 602 Cujus
585 549 612 599 a,
622 529 725 602 iuquit,
742 528 831 584 «lerae
845 527 938 584 rabies
951 544 1043 584 occu-

139 619 217 692 pavit
235 619 362 676 animum
376 621 468 688 tuum,
483 635 548 674 cum
562 635 661 693 regem
682 618 718 674 de
735 621 762 674 te
777 615 883 690 optime
902 615 1044 673 meritum

141 707 221 779 prius
244 707 360 774 vincire,
374 707 474 764 deinde
490 705 626 775 occidere,
640 706 855 764 sustinuisset
873 706 928 762 Sed
951 706 1044 779 hujus

142 797 285 870 parricidii
297 799 455 854 mercedem
471 797 540 853 falso
554 797 632 871 regis
644 798 757 854 nomine
774 795 934 868 persolvisti
946 796 1009 852 tibi.
1028 817 1043 850 s

145 887 195 960 [39]
218 885 277 951 llle,
300 885 410 942 facinus
429 902 629 959 purgarenon
653 902 750 956 ausus,
772 883 849 958 regis
876 883 994 939 titulum
1009 901 1045 942 se

144 992 283 1048 usurpare
290 979 314 1013 ³⁹
332 974 411 1046 dixit,
426 979 458 1031 ut
469 979 585 1047 gentem
599 991 680 1031 suam
697 975 809 1031 tradere
822 972 909 1046 ipsi⁴⁰
921 978 1022 1045 posset
1036 994 1043 1030 :

145 1065 193 1137 qui
209 1065 262 1122 si⁴¹
278 1068 425 1132 cessasset,
441 1064 530 1121 alium
544 1065 632 1120 fuisse
646 1080 768 1137 regnum
788 1066 1003 1135 occupaturum.

182 1153 235 1228 [4ο]
251 1155 287 1210 Et
299 1153 455 1210 Alexander
469 1154 623 1222 Oxathren,
639 1153 756 1209 fratrem
770 1150 858 1219 Darii,
870 1168 955 1225 quem
966 1151 1047 1209 inter

147 1243 272 1313 corporis
294 1243 427 1297 custodes
436 1245 459 1279 ⁴¹
489 1242 621 1311 habebat,
649 1242 765 1315 propius
786 1241 872 1314 jussit
896 1242 1045 1314 accedere,

147 1330 277 1402 tradique
290 1331 410 1387 Bessum
422 1330 458 1401 ei,
474 1334 507 1388 ut
521 1332 598 1388 cruci
610 1331 744 1400 adfixum,
765 1331 904 1388 mutilatis
925 1333 1047 1391 auribus

147 1419 328 1492 naribusque,
344 1418 456 1492 sagittis
479 1421 656 1494 configerent
669 1420 792 1492 barbari,
807 1425 1047 1494 asservarentque

147 1524 258 1580 corpus,
275 1512 356 1565 utne
376 1525 442 1566 aves
460 1509 575 1582 quidem
590 1510 797 1582 contingerent.
824 1509 879 1584 [41]
904 1511 1048 1570 Oxathres

147 1600 240 1653 cetera
260 1597 314 1653 sibi
334 1614 408 1654 curae
423 1598 483 1655 lore
505 1599 673 1672 pollicetur:
688 1616 753 1655 eves
769 1615 826 1655 non
839 1600 873 1654 ab
886 1599 941 1655 alio
955 1617 1046 1671 quam

147 1703 164 1742 a
182 1684 285 1743 Catone
297 1704 380 1759 posse
395 1689 537 1760 prohiberi
550 1687 658 1763 adjicit,
671 1688 801 1744 eximiam
814 1689 875 1763 ejus
889 1693 979 1745 artem
993 1706 1046 1746 cu-

147 1774 228 1848 piens
248 1778 397 1833 ostendere
419 1794 425 1830 :
448 1794 571 1851 namque
599 1778 669 1834 adeo
687 1782 764 1833 certo
788 1776 847 1833 ictu
872 1777 1046 1835 destinata⁴³
1109 1849 1115 1853 ¹

11 1845 14 1851 ¹
59 1896 62 1901 ·
148 1864 276 1932 feriebat,
295 1872 326 1921 ut
340 1882 406 1923 aves
420 1883 533 1939 quoque
548 1864 689 1939 exciperet
696 1864 729 1920 ⁴⁴.
747 1865 798 1938 [ta]
813 1864 896 1922 Nunc
910 1865 1044 1938 forsitan,

148 1952 301 2025 sagittandi
323 1956 382 2010 tam
401 1954 504 2011 celebri
525 1959 620 2025 usutl,
636 1954 731 2011 minus
753 1953 929 2010 admirabilis
951 1955 1044 2013 videri

149 2058 195 2098 ars
204 2041 264 2097 haec
272 2043 372 2115 possit,
384 2045 446 2098 tum
458 2044 558 2117 ingens
566 2043 723 2101 visentibus
735 2042 914 2111 miraculum,
926 2060 1045 2117 magno·

149 2146 204 2203 que
225 2130 324 2188 honori
346 2130 444 2189 Catoni
463 2132 526 2189 luit.
550 2132 603 2207 [43]
619 2134 698 2190 Dona
715 2132 816 2188 deiude
839 2133 971 2216 omnibus
994 2136 1045 2207 qui

148 2218 270 2275 Bessum
282 2221 456 2277 adduxerant
473 2222 538 2278 data
551 2224 629 2278 eunt.
645 2220 778 2278 Ceterum
796 2221 966 2294 supplicium
981 2222 1046 2296 ejus

148 2306 259 2363 distulit
268 2312 303 2378 ⁴⁸,
323 2313 356 2366 ut
383 2326 415 2367 eo
440 2311 509 2381 loco,
529 2311 558 2367 in
581 2328 638 2385 quo
663 2310 782 2367 Darium
804 2310 865 2383 ipse
891 2310 1043 2383 occiderat,

149 2396 306 2450 necaretur.

148 2594 226 2647 modo,
246 2592 374 2639 c’est-l-dire
392 2610 436 2652 per
456 2597 569 2642 insidias.
623 2603 657 2644 ts.
675 2599 797 2647 destincte,
822 2609 872 2653 roy.
891 2600 954 2641 lim.
967 2604 1002 2643 48.
1019 2623 1048 2634 -

150 2678 175 2687 -
199 2658 232 2701 tt·
263 2658 412 2712 sustinuisti,
438 2671 485 2715 roy.
506 2660 569 2705 Rem.
623 2666 656 2706 44.
679 2658 805 2715 occiperet,
821 2660 934 2715 atteignait
956 2674 983 2704 au
1000 2664 1046 2706 rol.

149 2724 195 2763 tlt.
216 2742 243 2751 -
268 2726 301 2765 89.
326 2732 451 2776 usurpare,
473 2723 570 2777 prendre.
623 2723 854 2767 -tbtomcetebrt
865 2723 1047 2776 caudunum-

149 2804 175 2812 —
188 2782 571 2838 neoptolemum-cruet
623 2797 650 2839 ge
674 2784 693 2827 si
714 2785 819 2841 frequent.
840 2784 873 2827 On
894 2797 920 2829 no
944 2785 987 2829 sait
1006 2799 1046 2841 pne

148 2842 171 2883 st
194 2842 294 2897 equitant
314 2845 326 2887 t
343 2857 401 2889 nam
418 2846 502 2900 etipse
517 2847 571 2888 Boe·
623 2851 751 2891 exactement
774 2848 787 2889 t
808 2846 859 2902 quoi
877 2847 905 2898 Q.
921 2846 988 2890 Curre
1006 2848 1047 2896 leit

148 2915 197 2947 sos.
221 2927 247 2937 -
269 2912 301 2951 ta.
327 2910 433 2963 cooperta
457 2909 569 2960 custodes,
623 2908 721 2951 allusion.
740 2932 767 2940 -
781 2913 815 2953 46.
832 2908 933 2962 aterum,
946 2910 1047 2969 suppletor

149 2976 198 3019 roy.
216 2967 274 3011 Dict.
288 2970 355 3019 Htst..
368 2975 388 3013 et
405 2970 481 3023 VI,11,
497 2976 528 3013 11.
542 2992 569 3001 -
621 2970 765 3018 Amator.
