2317 3500
348 137 422 194 64
994 150 1052 200 Q.
1098 139 1279 192 cmm
1325 150 1471 194 num
1812 133 1960 216 [ἑτέ
1993 139 2144 219 332]

347 261 498 318 haud
532 277 680 333 aegre
713 262 1127 318 moliebantur:
1166 261 1369 317 deinde
1400 266 1587 318 totum
1629 279 1790 334 opuS,
1838 267 1995 335 quod
2037 269 2151 324 sti-

345 349 555 420 pitibus
588 350 775 406 fuerat
803 351 1079 422 innixum,
1109 352 1477 407 fundamento
1508 353 1664 424 lapso
1695 355 2072 424 sequebatur.

415 439 516 511 [11]
548 439 725 512 AEgro
768 440 940 496 animi
953 442 1000 474 ¹⁸
1022 442 1351 510 Alexandro,
1389 455 1489 494 nec
1515 445 1903 510 perseveraret
1934 460 2007 498 an
2044 447 2150 502 ab·

345 529 452 583 iret
479 527 618 583 satis
651 532 805 584 certo
819 533 884 600 ¹⁶,
914 529 1113 585 classis
1144 528 1327 600 Cypro
1358 529 1604 594 advenit,
1637 531 1951 603 eodemque
1992 535 2141 588 tem-

341 631 480 686 pore
529 615 806 673 Cleander
850 634 979 673 cum
1023 618 1229 673 Graecis
1279 616 1555 673 militibus
1605 617 1663 673 in
1708 619 1900 674 Asiam
1954 638 2145 692 nuper

342 705 607 762 advectis.
651 721 682 761 c
725 710 782 762 et
821 723 890 762 xc
908 705 1153 777 navigia
1181 705 1239 760 in
1276 707 1386 761 duo
1419 706 1619 762 dividit
1646 724 1896 764 cornua:
1931 709 2144 766 laevum

345 793 726 867 PnytagoraS,
785 810 882 849 rex
936 793 1301 865 Cypriorum,
1364 811 1493 850 cum
1543 795 1777 852 Cratero
1842 797 2141 869 tuebatur,

343 881 722 937 Alexandrum
763 881 822 936 in
851 883 1045 938 dextro
1077 881 1561 956 quinqueremis¹⁷
1601 884 1762 954 regia
1799 884 2135 942 vehebatw.

348 968 449 1040 [12]
482 968 596 1024 Nec
639 970 811 1041 Tyrii,
849 987 1195 1043 quamquam
1236 974 1473 1028 classem
1514 971 1815 1038 habebant,
1862 972 1989 1025 ausi
2035 991 2145 1030 na-

341 1056 465 1111 vale
486 1057 628 1113 inire
642 1062 926 1114 certamen
950 1060 1086 1115 :tris
1098 1063 1142 1097 ¹⁹
1171 1060 1400 1115 omnino
1418 1061 1546 1112 ante
1574 1057 1696 1128 ipsa
1722 1055 1926 1111 moenia
1955 1073 2146 1129 oppo-

343 1151 604 1216 suerunt,
645 1149 848 1219 quibus
873 1165 970 1203 rex
999 1148 1251 1203 invectus
1280 1147 1398 1217 ipse
1429 1144 1713 1200 demersit.

416 1234 518 1306 [13]
559 1235 794 1291 Postera
833 1236 920 1290 die
937 1239 984 1272 ²⁰
1016 1235 1195 1289 classe
1232 1234 1303 1288 ad
1345 1231 1551 1288 moenia
1591 1234 1840 1301 admota,
1876 1233 2142 1306 undique

342 1321 640 1377 tormentis
699 1325 756 1377 et
795 1321 1036 1377 maxime
1078 1319 1318 1376 arietum
1356 1321 1522 1392 pulsu
1546 1324 1592 1356 ³²
1644 1336 1842 1376 muros
1886 1323 2079 1391 quatit
2121 1344 2150 1388 z,

1440 1425 1586 1481 quos
1616 1409 1768 1480 Tyrii
1796 1408 2005 1480 raptim
2036 1412 2143 1467 ob-

1443 1497 1676 1554 structis
1726 1497 1875 1552 saxis
1921 1497 2138 1554 refece-

1442 1590 1597 1654 runt,
1636 1585 1966 1640 interiorem
1996 1602 2141 1658 quo-

1443 1689 1553 1744 que
1608 1689 1869 1741 murum,
1926 1677 2019 1740 ut,
2087 1675 2141 1730 si

1329 1818 1333 1822 .
1444 1763 1599 1835 prior
1655 1761 1977 1829 fefellisset,
2032 1763 2140 1820 illo

1201 1837 1205 1851 ¹
1443 1869 1503 1908 se
1532 1856 1848 1919 tuerentur,
1883 1850 2143 1923 undique

1165 1963 1177 1983 τ
1245 1931 1261 1988 '2
1329 1936 1335 1943 ’
1445 1941 1578 1996 orsi.
1614 1940 1715 2011 [14]
1741 1940 1852 1995 Sed
1881 1928 2142 2010 undique

1442 2026 1527 2081 vis
1552 2027 1688 2082 mali
1712 2026 1988 2098 urgebat:
2013 2044 2141 2085 mo-

1440 2114 1523 2167 les
1574 2114 1727 2181 intra
1768 2114 1868 2170 teli
1914 2114 2142 2186 jactum

1441 2204 1594 2269 erat,
1665 2202 1861 2257 classis
1924 2205 2145 2261 moenia

1440 2289 1775 2345 circumibat
1809 2310 1824 2344 ε
1868 2293 2143 2350 terrestri

643 2400 781 2443 Eme,-
807 2402 924 2453 porte
950 2401 975 2444 ὲ
1003 2401 1114 2445 bras
1441 2375 1615 2431 simul
1642 2376 1943 2449 navalique
1975 2379 2145 2438 clade

1441 2465 1853 2521 obruebantur.
1912 2466 2145 2540 Quippe

348 2547 507 2603 binas
536 2549 921 2620 quadriremes
951 2514 1282 2609 Macedones
1310 2552 1459 2607 inter
1490 2567 1550 2607 se
1562 2556 1607 2587 ²²
1636 2552 1716 2607 ita
1733 2554 2045 2625 junxerant
2075 2564 2147 2612 ut

347 2652 528 2706 prorae
565 2638 932 2708 cohaererent,
983 2657 1197 2712 puppes
1244 2640 1568 2708 intervallo,
1601 2644 1880 2712 quantum
1932 2659 2146 2715 capere

346 2729 683 2796 poterant2³,
701 2727 976 2783 distarent
1007 2749 1019 2782 :
1055 2729 1156 2800 [15]
1186 2730 1290 2783 hoc
1319 2727 1589 2799 puppium
1626 2728 1992 2787 intervallum
2030 2751 2146 2789 an·-

341 2857 546 2911 palmas.
576 2880 628 2889 --
653 2864 715 2903 15.
735 2858 904 2910 animi,
931 2870 1026 2911 voy.
1057 2859 1183 2900 Rem.
1292 2879 1345 2888 -
1393 2862 1455 2902 ¹9.
1504 2859 1607 2910 tris,
1656 2871 1754 2913 voy.
1800 2861 1926 2904 Rem.
1973 2871 2047 2910 2ο.
2090 2891 2150 2904 .-

348 2923 417 2961 95.
467 2940 521 2949 -—
575 2926 636 2963 ¹6.
692 2925 1005 2973 perseveraret
1068 2920 1187 2961 satis
1293 2926 1359 2963 20.
1394 2926 1590 2978 poster-q
1620 2922 1711 2974 die,
1735 2934 1830 2977 voy.
1864 2925 1992 2968 Rem.
2028 2935 2068 2972 1.
2090 2953 2147 2963 —

348 2984 488 3031 certo,
507 2993 572 3023 an
585 2982 747 3032 abiret,
767 2993 862 3036 voy.
878 2982 1004 3024 Rem.
1029 2986 1117 3024 164.
1133 3003 1187 3013 —
1294 2988 1361 3025 21.
1380 2984 1582 3026 arietum
1591 2984 1750 3037 pulsu,
1776 2997 1869 3039 voy.
1884 2988 2003 3031 Dict.
2018 2992 2147 3038 Hist.

351 3043 399 3081 17
435 3042 800 3098 quinqueremis,
821 3044 1044 3097 voy.Dicc.
1065 3042 1183 3085 Hist.
1295 3048 1383 3086 mot
1413 3046 1566 3089 Aries.
1600 3069 1653 3077 —
1684 3054 1751 3089 22.
1796 3049 1923 3090 inter·
1949 3063 2015 3102 se,
2040 3066 2146 3110 voy.

349 3119 395 3129 —
442 3108 505 3145 18.
546 3105 745 3159 vehebat,
788 3117 886 3162 voy.
920 3106 1047 3148 Rem.
1094 3110 1182 3149 107.
1292 3107 1419 3150 Rem.
1443 3114 1508 3153 60.
1532 3130 1587 3141 —-
1608 3114 1674 3153 23.
1698 3110 1945 3155 intervallo
1970 3116 2150 3175 (tanto)
