2317 3500
161 171 197 224 50
488 179 516 230 o.
539 179 630 250 cunm
652 179 724 223 nuri
854 161 967 243 [urvnu
982 162 1056 242 333]
1149 190 1152 257 f

158 294 235 350 Darii
257 323 290 335 -·
313 293 380 363 filia,
399 295 428 348 et
444 293 546 365 conjux
565 295 703 365 Artabazi,
727 295 862 366 principis
882 297 1060 365 purpurato-

158 401 233 454 rum,
251 382 393 454 filiusque,
407 382 451 437 cui
472 383 577 438 llioneo
598 382 652 438 suit
672 398 786 438 nomen.
808 383 859 455 [lt]
880 383 1061 456 Pharnabazi

160 488 282 544 quoquo,
305 471 349 526 cui
369 489 513 526 summum
534 471 853 542 imperiummaritimae
874 488 931 528 01·ae
944 488 993 526 rex
1008 472 1063 528 de-

158 563 249 628 derat,
269 577 340 616 uxor
358 578 421 616 cum
433 561 491 617 filio
506 564 619 632 excepta
636 564 696 627 est,
712 560 850 616 Mentoris
867 560 931 615 filiae
951 565 1009 616 tres
1026 579 1062 617 ac
1150 574 1151 597 ³

159 647 327 705 nobilissimi
340 650 419 705 ducis
429 649 589 706 Memnonis
600 648 730 719 conjux²¹
741 656 769 703 et
777 649 868 704 filius:
880 650 982 722 vixque
997 651 1063 708 ulla

160 742 260 795 domus
273 739 420 811 purpurati
433 738 486 793 suit
501 741 585 794 tantae
600 737 688 793 cladis
700 755 812 809 capers.
828 738 965 810 [15]1tcm
978 741 1065 813 copti
1150 744 1151 783 ἶ

159 836 228 886 suot
243 827 445 884 Lacedaemonii
461 830 490 882 et
501 827 696 900 Athenienses,
710 827 855 883 societatis
867 828 922 883 fide
940 827 1062 899 violata,
1150 836 1151 841 ’

160 919 262 973 Persas
274 916 373 972 secuti:
388 915 563 987 Aristogiton
573 919 602 971 et
615 915 753 986 Dropides
768 919 795 971 et
808 915 972 986 Iphicraten,
983 917 1064 974 inter
1145 918 1152 989 'f

159 1006 344 1061 Athenienses
364 1021 468 1078 genero
488 1005 619 1076 famaque
639 1006 723 1076 longe
748 1004 914 1072 clarissimi,
931 1006 1063 1062 Lacedae-

160 1094 246 1150 monii
263 1094 421 1166 Pausippus
437 1097 465 1148 et
478 1093 710 1150 Onomastorides
729 1109 794 1148 oum
811 1092 936 1149 Monimo
952 1096 981 1148 ot
994 1094 1066 1150 Cal·
1150 1094 1152 1111 '

159 1182 298 1252 lioratide‚
313 1182 342 1236 hi
358 1197 471 1254 quoque
483 1181 559 1236 domi
575 1181 695 1238 nobiles.

195 1271 246 1343 [16]
262 1273 381 1325 Summa
399 1269 523 1340 pecuniae
540 1270 658 1342 signatae
674 1270 728 1325 suit
741 1271 911 1326 talentum¹²
925 1287 946 1326 11
968 1271 1067 1329 millia
1150 1340 1151 1349 χ

159 1363 188 1415 et
212 1362 349 1428 sescenta,
371 1358 436 1413 sacti
463 1358 573 1430 argenti
596 1359 708 1429 pondus
730 1359 888 1430 quingenta
914 1360 1064 1430 aequabat.
1150 1358 1151 1377 ³

162 1446 300 1501 Praeterea
327 1463 379 1502 xxx
402 1445 492 1500 millia
514 1444 673 1515 hominum,
700 1463 765 1501 oum
787 1463 826 1501 v11
861 1445 989 1502 millibus
1014 1447 1066 1519 ju·

160 1537 330 1601 mentorum,
340 1535 424 1588 dorso
434 1549 521 1589 onera
532 1533 719 1606 portantium,
732 1538 814 1604 capta
826 1538 904 1590 sunt
917 1534 969 1607 [17]
979 1534 1067 1593 Cete-

159 1642 223 1681 rum
238 1628 323 1680 tantae
340 1625 460 1679 fortunae
474 1624 649 1695 proditorem
663 1623 704 1703 di,
718 1623 778 1681 scri
790 1641 862 1695 sape
877 1625 997 1690 ultores,
1014 1642 1071 1684 ce·

159 1713 256 1770 loriter
269 1711 363 1770 dehita
376 1729 459 1785 pona
469 1713 609 1785 persecuti
623 1716 700 1769 sunt.
713 1710 843 1785 Namque
857 1729 934 1768 unus
956 1730 973 1770 e
992 1729 1068 1771 con-

160 1804 225 1859 sciis
234 1808 257 1840 ⁹⁵
269 1803 442 1876 ejus,oredo‚
453 1803 530 1875 regis
541 1803 632 1859 vioem
646 1803 733 1860 etiam
751 1803 780 1858 in
796 1803 845 1858 illa
862 1806 940 1859 sorte
951 1806 1070 1861 roveri·

159 1896 205 1949 tus
215 1896 249 1963 ²⁴,
262 1893 402 1949 interiecti
414 1892 567 1965 proditoris
582 1897 666 1963 caput
680 1894 716 1948 ad
730 1892 847 1947 Darium
861 1893 938 1963 tulit,
955 1909 1069 1965 oppor-

159 1984 289 2037 tunum⁹⁵
309 1982 444 2036 solacium
459 1982 570 2051 prodito
588 2000 594 2033 :
616 1981 721 2053 quippe
735 1983 763 2035 et
775 1983 853 2037 ultus
862 1986 887 2019 ³⁶
908 1980 1069 2041 inimicum

159 2071 229 2139 erat,
245 2072 273 2124 et
286 2070 412 2124 nondum
427 2070 455 2124 in
475 2069 603 2124 omnium
623 2070 725 2125 animis
740 2071 908 2139 memoriam
923 2071 1072 2144 majesta-

160 2156 196 2213 tis
209 2174 267 2213 suae
282 2157 436 2213 exolevisse
449 2159 592 2214 cernebat.
1055 2163 1059 2167 '

160 2299 196 2340 dre
214 2310 239 2339 ou
259 2299 335 2352 tpousa
348 2310 397 2351 une,
412 2299 432 2341 la
444 2298 492 2353 plus
507 2299 578 2353 icune,
632 2300 780 2342 131111.-
795 2305 829 2343 24.
844 2299 919 2342 mecon
935 2302 1071 2358 roseriam,

158 2360 291 2412 Paryaatia.
324 2382 351 2391 -
384 2368 415 2404 12.
449 2360 581 2403 Memnonia
633 2364 752 2415 respectant
769 2360 789 2402 la
810 2360 900 2414 dignito,
920 2360 940 2403 lo
959 2366 1070 2415 pouvoir.

159 2420 253 2475 conjurio.
275 2420 350 2463 G’ttait
371 2422 477 2475 Barsine,
497 2421 534 2477 qui
548 2422 581 2463 tut
633 2428 703 2466 -25.
718 2427 887 2475 opportunum,
905 2422 1032 2476 appositior
1056 2429 1073 2471 a
1147 2375 1152 2480 1

159 2481 207 2536 plus
227 2481 273 2523 tard
296 2483 373 2535 sponse
389 2482 535 2526 d'Alexandrc.
555 2506 580 2514 -
633 2485 653 2527 la
665 2485 742 2538 phrase
754 2484 887 2539 precedente.
902 2506 931 2515 -
944 2490 981 2532 2⁶.
994 2488 1071 2532 ultus

159 2550 192 2586 22.
214 2542 333 2595 talentum,
352 2556 399 2599 roy.
418 2545 482 2587 Rern.
506 2551 538 2598 1⁰,
560 2549 582 2586 et
633 2545 801 2600 crot‚suppltcz
813 2545 952 2599 Dasius·
970 2544 988 2589 il
1008 2550 1073 2592 §tait

159 2604 217 2647 Dict.
234 2605 295 2651 Hist.
312 2628 338 2639 -
352 2613 385 2651 23.
402 2606 512 2659 consciis,
532 2619 580 2662 roy.
634 2608 702 2659 veugt
713 2609 746 2649 de.
