2317 3500
155 136 212 193 360
479 148 509 199 Q·
532 147 626 192 cuam
650 148 724 193 aum
845 127 967 211 [PRlNT.
984 135 1082 210 325]

154 267 198 319 est
221 265 332 332 auctor,
357 263 520 333 multosque
538 260 665 332 captivos
683 262 736 316 sub
766 265 898 317 corona¹⁰
925 261 1077 321 venisse.

189 351 240 423 [16]
252 351 361 406 Rursus
378 351 513 406 Musicani
528 351 706 419 defecerunt;
717 351 753 406 ad
764 366 836 423 quos
850 351 1080 421 opprimendos

154 439 259 496 missus
273 443 318 496 est
338 439 452 508 Pithon,
476 439 524 514 qui
544 442 658 509 captum
675 439 832 510 principem
853 439 962 510 gentis,
986 458 1079 497 eun-

76 548 78 553 ·
154 528 274 601 demque
300 528 466 585 defectionis
487 532 642 597 auctorem,
666 526 784 584 adduxit
801 528 836 581 ad
857 543 968 598 regem.
994 529 1076 596 Quo

154 619 310 674 Alexander
330 618 361 674 in
383 634 496 674 erucem
523 619 646 685 sublato,
668 633 770 674 rursus
790 631 914 687 amnem,
941 616 972 672 in
1002 634 1074 690 quo

155 707 275 763 classem
287 710 447 778 exspectare
462 723 492 763 se
504 706 639 779 jusserat,
655 705 767 777 repetit.
1155 756 1156 777 ,

58 849 60 854 .
190 795 241 867 [17]
269 795 377 862 Quarto
398 795 499 851 deinde
526 795 582 864 die,
611 797 735 852 secundo
754 811 836 850 amne
860 794 997 866 pervenit
1027 797 1072 851 ad
1155 786 1156 855 ᾗ

49 945 51 950 ,
156 883 291 956 oppidum
309 885 385 956 quod
399 884 429 939 in
451 900 540 956 regno
561 884 622 940 imo
638 887 702 940 erat
719 883 827 941 Sambi.
844 883 943 955 Nuper
961 899 995 938 se
1013 883 1069 941 ille

157 971 312 1040 dediderat,
328 972 378 1028 sed
391 971 522 1044 oppidani
538 972 734 1028 detrectabant
748 969 913 1043 imperium,
931 974 961 1026 et
978 972 1070 1026 clau-

157 1066 253 1120 serant
272 1065 378 1134 portas.
399 1062 450 1135 [18]
475 1061 604 1128 Quorum
625 1061 765 1132 paucitate
779 1063 952 1131 contempta,
968 1075 1025 1117 rex
1040 1062 1067 1116 D

157 1151 297 1224 Agrianos
312 1150 414 1207 moenia
428 1150 523 1207 subire
536 1148 633 1221 jussit,
642 1153 681 1220 et,
698 1149 806 1206 sensim
813 1149 993 1216 recedentes,
1008 1150 1069 1205 eli-

157 1245 248 1296 cere¹¹
263 1240 342 1296 extra
356 1255 454 1295 muros
464 1241 586 1306 hostem,
596 1241 761 1295 secuturum
772 1237 911 1308 profecto,
920 1237 944 1293 si
957 1237 1068 1311 lugere

156 1345 205 1386 eos
217 1328 354 1384 crederet.
377 1329 428 1402 [19]
448 1328 575 1402 Agriani,
600 1327 674 1394 sicut
689 1327 861 1400 imperatum
879 1329 953 1396 erat,
969 1326 1068 1386 laces-

158 1417 212 1475 sito
227 1420 319 1485 hoste,
335 1418 429 1473 subito
451 1421 535 1490 terga
548 1422 714 1474 verterunt:
731 1435 804 1491 quos
827 1417 942 1473 barbari
967 1418 1067 1476 effuse

157 1509 308 1577 sequentes
326 1506 357 1562 in
375 1506 456 1576 alios,
478 1506 554 1562 inter
576 1523 648 1578 quos
669 1507 731 1583 ipse
749 1523 799 1563 rex
819 1509 891 1576 erat,
914 1505 1062 1564 incidunt.

158 1594 301 1652 Renovato
332 1611 401 1668 ergo
420 1595 528 1666 proelio,
549 1612 584 1651 cx
609 1613 641 1651 111
662 1596 789 1652 millibus
808 1596 1000 1652 barbarorum
1025 1613 1064 1654 uc

156 1683 221 1740 caesi
247 1689 323 1754 sunt,
351 1685 428 1742 mille
449 1684 533 1757 capti,
562 1685 648 1741 ceteri
675 1685 816 1740 moenibus
839 1683 919 1740 urbis
941 1684 1062 1741 inclusi.

158 1772 208 1846 [2,0]
224 1774 281 1831 Sed
295 1791 363 1847 nop,
380 1778 412 1829 ut
423 1774 515 1845 prima
529 1774 621 1845 specie
641 1775 706 1830 laeta
718 1773 848 1842 victoria,
866 1772 906 1829 ita
923 1778 1064 1831 eventu¹2
1155 1831 1156 1848 ,

156 1880 268 1936 quoque
289 1864 353 1934 suit,
372 1864 479 1937 quippe
498 1863 611 1919 barbari
633 1879 742 1919 veneno
769 1863 915 1919 tinxerant
933 1858 1060 1935 gladios.
1155 1885 1156 1934 p

158 1952 256 2024 ltaque
274 1952 362 2009 saucii
381 1952 500 2009 subinde
514 1951 705 2023 exspirabant,
728 1968 780 2007 nec
803 1967 890 2007 causa
904 1955 966 2007 lam
984 1955 1062 2009 stre-

157 2041 248 2095 nuae¹⁵
265 2040 367 2097 mortis
387 2039 541 2111 excogitari
564 2043 676 2111 poterat
694 2056 711 2095 a
730 2039 858 2108 medicis,
883 2055 949 2095 cum
969 2040 1060 2097 etiam

157 2128 232 2184 leves
249 2129 338 2201 plagae
357 2116 529 2184 insanabiles
548 2132 653 2184 essent.
670 2127 721 2199 [nl]
736 2126 855 2184 Barbari
877 2130 976 2184 autem
994 2144 1060 2199 spe-

156 2222 289 2273 raverant
315 2218 460 2274 incautum
479 2220 507 2273 et
529 2217 712 2274 temerarium
730 2230 830 2286 regem
853 2216 944 2289 excipi
962 2234 1057 2289 posse.

157 2304 221 2360 Etu
238 2306 311 2363 sorte
329 2306 404 2365 inter
419 2305 649 2379 promptissimos
674 2304 814 2361 dimicans
838 2304 964 2361 intactus
995 2322 1059 2363 eva-

157 2396 241 2448 serat.

192 2478 243 2551 [22]
258 2480 402 2551 Praecipue
417 2480 598 2550 PtolemaeuS,
612 2484 681 2537 laero
691 2482 811 2536 humero
825 2480 927 2536 leviter
942 2481 1058 2552 quidem

158 2566 280 2634 saucius,
302 2569 352 2624 sed
375 2566 482 2640 majore
496 2570 622 2642 periculo
641 2586 724 2642 quam
745 2569 865 2626 vulnere
887 2569 1056 2640 adlectus²⁵,

157 2655 233 2727 regis
256 2654 476 2712 sollicitudinem
502 2658 531 2712 in
555 2674 587 2713 se
608 2660 796 2714 converterat.
820 2658 969 2729 Sanguine
991 2675 1059 2716 con-

155 2745 271 2817 junctus
293 2748 364 2814 erat,
389 2744 550 2817 etquidem
569 2746 700 2818 Philippo
718 2745 849 2818 genitum
872 2762 937 2803 esse
960 2751 1058 2806 crede-

156 2832 234 2901 bant,
250 2836 326 2889 certe
340 2832 427 2905 pelice
441 2832 503 2904 ejus
515 2836 611 2889 ortum
624 2834 780 2890 constabat.
787 2834 840 2907 [23]
853 2834 943 2900 Idem,
958 2853 1058 2909 corpo-

157 3006 219 3056 mtte,
230 3006 319 3049 attribut
326 3006 352 3049 ds
363 3007 397 3062 tu,
404 3006 461 3060 sujet
472 3011 576 3049 sonunt.
632 3009 685 3052 daus
696 3021 731 3052 ses
742 3010 906 3064 mnusquenoes.
922 3034 949 3041 --
961 3016 995 3055 23.
1002 3019 1057 3056 stre·

157 3070 223 3107 -20.
236 3078 331 3118 corone,
341 3078 391 3122 vop.
408 3067 466 3109 Dice.
480 3068 540 3110 Hiar.
550 3090 577 3099 —
630 3076 692 3123 nne,
707 3068 789 3123 rapide.
801 3092 829 3102 —
840 3076 876 3115 212.
893 3075 921 3122 et,
930 3082 980 3125 roy.
992 3073 1055 3119 Rern.

157 3129 190 3166 21.
201 3124 289 3178 ebone,
298 3126 379 3171 attirsr.
392 3150 419 3159 -
434 3133 470 3173 22.
488 3133 575 3181 evmtu,
632 3137 677 3175 152.
696 3152 723 3163 -
740 3136 775 3175 25.
785 3130 900 3185 matus,
921 3143 971 3187 roy.
992 3133 1055 3183 Rern.
