2317 3500
145 75 202 130 200
473 81 504 134 ο.
527 80 620 126 enarr
642 81 717 125 nuri
872 62 1050 145 [lum3301

145 199 254 254 rassesl
268 195 303 270 [5]
314 193 524 266 Suasissemus,
533 194 557 251 si
568 193 688 250 Philotae
700 192 788 248 velles
796 191 955 264 ignoscere,
966 198 1049 266 prmo⁴

145 275 218 344 reris
232 283 327 358 potius
344 283 478 358 ignorare
493 301 558 342 eum
574 286 713 358 quantum
732 283 848 339 deberet
863 282 927 355 tihi,
947 300 1048 356 quam,

145 391 235 448 usque
245 376 281 430 ad
289 374 389 431 mortis
399 375 679 444 metumadductum,
689 389 807 445 cogeres
817 373 922 445 saepius
932 373 1048 446 depcri-

145 465 208 521 culo
227 480 280 521 suo
298 481 384 537 quam
399 466 434 521 de
448 464 640 538 tuocogitare
656 461 802 519 beneficio.
818 461 868 518 llle
880 464 957 519 emm
973 479 1052 521 sem-

145 569 197 627 per
215 550 344 610 insidiari
358 552 543 626 tibipoterit,
559 555 590 608 tu
604 568 662 608 non
676 567 788 622 semper
803 551 923 609 Pbilotae
940 551 1051 625 poteris

146 643 302 716 ignoscere.
325 641 360 716 [6]
383 642 440 698 Nec
457 645 501 698 est
522 643 599 715 quod
615 640 760 697 existimes
778 656 855 709 eum,
871 640 920 713 qui
935 645 1051 698 tantum

146 747 233 787 ausus
252 733 305 800 est,
327 729 410 786 venia
428 745 512 803 possa
530 727 647 785 mutari.
661 727 723 782 Scit
740 743 800 792 eos,
815 726 866 799 qui
884 726 1052 784 misericor-

146 821 222 876 diam
233 823 497 892 consumpserunti,
515 818 637 890 amplius
648 820 784 889 sperare⁶
793 833 850 872 non
863 833 958 888 posse.
970 817 1004 889 [ll
1013 818 1052 874 At

146 924 211 980 ego,
229 906 340 964 etiamsi
360 908 420 980 ipse
432 907 475 964 vol
492 905 656 980 paenitentia
671 904 716 960 vel
737 903 874 962 beneficio
888 907 938 962 tuo
956 905 1050 960 victus

146 997 292 1069 quiescere
310 997 397 1066 volet,
411 1000 521 1068 patrem
540 996 602 1069 ejus
617 995 845 1067 Parmenionem,
862 995 934 1052 tanti
948 995 1051 1052 ducem

147 1087 295 1154 exercitus,
315 1090 346 1143 et
366 1087 522 1145 inveterata
545 1086 622 1158 apud
647 1085 753 1142 milites
775 1101 845 1141 suos
868 1084 1050 1153 auctoritate,

147 1177 223 1232 baud
237 1176 360 1232 multum
373 1175 449 1232 infra
460 1173 668 1248 magnitudinis
677 1177 735 1231 tnae
749 1174 900 1246 fastigium
910 1175 1049 1246 positum,

147 1263 204 1320 scio
228 1281 284 1321 non
305 1280 387 1337 aequo
408 1262 503 1320 animo
521 1263 644 1320 salutem
661 1261 713 1318 filii
735 1262 779 1320 sui
798 1262 964 1322 debiturum
984 1263 1049 1320 tibi.

149 1353 282 1418 Quaedam
297 1351 433 1410 beneficia
447 1351 570 1409 odimus.
588 1351 622 1425 [8]
634 1351 773 1409 Meruisse
785 1357 909 1410 mortem
920 1352 1051 1410 confiteri

148 1442 254 1513 pudet:
268 1444 398 1513 superest
412 1446 459 1498 ut⁷
474 1442 556 1500 malit
567 1440 657 1499 videri
666 1441 801 1517 injuriam
811 1441 953 1514 accepisse
962 1457 1052 1515 qnam

149 1531 244 1588 vitam.
258 1530 381 1587 Proinde
393 1531 464 1588 scito
477 1531 527 1588 tibi
538 1547 603 1588 eum
616 1530 672 1587 illis
681 1532 717 1587 de
728 1531 839 1588 salute⁸
848 1548 912 1589 esse
921 1548 1052 1604 pugnan-

149 1621 225 1677 dum.
244 1620 278 1694 [9]
297 1619 374 1678 Satis
389 1621 516 1679 bostium
535 1625 675 1694 superest,
694 1620 730 1677 ud
748 1636 821 1692 quos
837 1622 1053 1694 persequendos

148 1709 216 1767 ituri
235 1725 358 1768 sumus:
375 1712 451 1770 latus
472 1728 489 1768 a
509 1710 673 1769 domesticis
691 1708 822 1767 hostibus
842 1710 931 1769 muni.
948 1711 1009 1770 llos
1026 1712 1053 1771 si

148 1802 311 1871 submoves
330 1801 402 1857 nihil
415 1805 513 1859 metuo
527 1802 561 1857 ab
574 1803 720 1858 externo⁰.
741 1819 755 1853 o

184 1888 234 1961 [10]
260 1890 326 1945 Haec
346 1888 491 1946 Craterus.
508 1888 566 1945 Nee
580 1888 665 1945 ceteri
679 1885 847 1945 dubitabant
862 1886 931 1960 quin
951 1890 1053 1964 conju-

146 1977 266 2034 rationis
278 1976 414 2033 indicium
431 1993 709 2051 suppressurusnou
724 1976 834 2046 luisset,
851 1975 906 2032 nisi
918 1980 1018 2035 auctor
1028 1984 1053 2019 ¹⁰

148 2069 197 2123 aut
216 2065 366 2138 particeps.
389 2084 402 2118 a
424 2065 515 2131 Quem
533 2063 610 2120 enim
628 2063 707 2137 pium
721 2067 751 2121 ct
762 2063 845 2121 bonae
862 2064 977 2134 mentis,
991 2084 1051 2125 non

148 2156 270 2211 amicum
289 2156 385 2222 modo,
404 2155 453 2211 sed
470 2170 503 2211 ex
517 2153 619 2210 ultima
631 2154 723 2225 plebs,
735 2154 841 2211 auditis
854 2170 917 2226 quaa
933 2155 969 2210 ad
984 2174 1053 2215 eum

150 2244 241 2299 delata
252 2247 342 2315 erant,
359 2260 416 2300 non
429 2243 562 2330 protinus
576 2230 612 2299 ad
626 2258 725 2315 regem
740 2242 828 2299 luisse
844 2258 998 2301 cursurum
1009 2250 1052 2305 ¹¹?

149 2331 202 2403 [ll]
225 2348 260 2387 ne
281 2333 406 2388 Cebalini
427 2332 543 2406 quidem
564 2332 692 2403 exemplo
704 2336 737 2402 ¹¹,
754 2330 802 2403 qui
819 2349 853 2389 ex
869 2332 957 2388 tratre
972 2350 1053 2391 com-

116 2408 118 2413 ’
148 2423 228 2493 perta
251 2420 305 2493 ipsi
331 2422 500 2491 nuntiasset,
531 2421 729 2479 Parmenionis
756 2421 858 2489 filium,
885 2423 1053 2501 praelectum

149 2510 302 2584 equitatus,
315 2512 442 2567 omnium
454 2528 623 2569 arcanorum
637 2512 714 2586 regis
728 2511 882 2568 arbitruml
898 2512 1053 2587 simulasse

148 2599 233 2656 ctiam
248 2617 304 2657 non
318 2616 433 2658 vacasse
448 2601 573 2659 sermoni
586 2617 637 2659 suo
650 2617 758 2675 regem,
775 2618 811 2658 ne
828 2602 911 2659 index
923 2606 947 2639 ¹³
961 2603 1052 2660 alium

148 2825 210 2867 lion.
226 2831 259 2869 al.
283 2847 310 2857 -
334 2830 353 2869 5.
369 2832 571 2879 commupeernct,
595 2835 600 2908 Ι
625 2825 1051 2878 pouroitn.-s.ooetemo,s.-enosta

149 2886 279 2939 epulstreut.
289 2893 343 2931 -6,
356 2899 460 2944 sperare,
472 2888 570 2941 supplica
623 2906 652 2917 —
668 2893 700 2930 lo.
714 2891 804 2937 auctor,
826 2887 897 2941 suppl.
915 2893 985 2940 esem
1000 2901 1051 2944 roy.

149 2944 346 2990 metanomiam.
356 2970 383 2979 -
391 2955 410 2993 7.
420 2952 524 3001 cepam
537 2953 570 3002 nt,
624 2945 689 2990 Hm.
702 2953 749 2991 not.
761 2968 788 2979 ·-
802 2952 835 2990 ll.
846 2958 984 3000 mserum,
999 2960 1050 3004 roy.

152 3008 207 3047 resta
226 3018 273 3051 una
286 3010 349 3052 seule
363 3012 487 3065 hypotheca
501 3021 508 3053 ι
520 3011 573 3055 c'est
624 3015 689 3059 Rem.
700 3023 739 3061 ¹22
750 3020 773 3057 et
788 3020 833 3059 llo.
847 3036 875 3047 -
887 3024 919 3060 ¹2.
933 3018 1049 3071 amplo,

152 3075 200 3118 (11¹⁰,
214 3078 263 3121 roe.
278 3070 341 3113 liam.
358 3077 401 3116 141.
413 3094 440 3104 -
455 3078 475 3117 t.
489 3072 571 3128 solute,
624 3082 730 3122 mosem,
742 3088 795 3120 nm
806 3078 922 3121 Misce.
933 3100 961 3109 —
969 3081 1049 3123 taire
