2317 3500
174 314 179 375 l

192 156 245 213 156
516 170 544 221 o.
570 167 664 214 cuarr
687 167 760 213 surr
918 145 992 229 [aad
1010 147 1085 232 330]

189 389 247 439 dvis
256 380 384 440 differente
394 389 439 440 des
450 390 577 454 genereus
590 403 596 437 :
609 387 751 454 Nabarzano
769 385 887 436 conseille
901 385 1017 436 allartus
1030 385 1087 434 d'a-

218 460 363 511 bandonner
373 476 436 524 pour
449 461 557 526 quelque
570 463 651 526 temps
664 459 687 508 le
698 458 811 524 pouvoir.
824 457 945 509 Artabane
958 456 1040 508 calme
1062 456 1090 506 la

219 532 341 582 coleredo
355 532 452 582 Darius.

225 685 270 742 lX.
291 685 326 760 [l]
348 687 413 743 llaec
427 686 536 742 dicente
551 685 647 754 Dari0,
671 684 817 756 praesentis
835 683 953 755 periculi
974 683 1089 757 species

191 773 318 830 omnium
333 775 418 831 simul
438 775 523 830 corda
543 773 710 846 animosque
730 773 849 830 horrore
864 771 1087 844 perstrinxerat,

107 859 110 863 ’
191 878 241 918 nec
259 866 308 918 aut
331 859 481 919 consilium
499 863 667 933 suppetebat
680 864 729 916 aut
748 878 810 926 vox,
830 878 897 916 cum
915 862 1089 929 Artabazus,

190 951 416 1008 vetustissimus¹
427 951 593 1018 amicorum,
606 968 691 1024 quem
705 950 846 1022 hospitem
855 949 942 1006 luisse
957 950 1090 1022 Philippi

190 1039 296 1110 snpra²
309 1040 431 1097 diximus
444 1062 450 1096 ε
469 1039 554 1095 «Nos
571 1056 639 1096 vero
652 1060 677 1109 u,
693 1039 796 1112 inquit,
820 1037 1090 1111 «pretiosissimam

190 1129 316 1185 vestem³
331 1129 420 1185 induti
430 1128 452 1201 ⁴,
466 1129 609 1200 armisque
631 1131 736 1202 quanto
749 1127 871 1183 maximo
886 1127 965 1183 cultu
981 1145 1092 1199 possu-

190 1232 255 1273 mus
274 1217 412 1287 adornati,
433 1233 531 1290 regem
551 1216 580 1270 in
603 1215 691 1272 aciem
714 1232 876 1289 sequemur,
906 1233 939 1272 ea
968 1216 1093 1289 quidem

191 1310 285 1362 mente
299 1309 331 1361 ut
346 1307 493 1363 victoriam
505 1321 662 1376 speremus,
675 1309 797 1360 mortem
815 1321 872 1360 non
884 1321 1091 1362 recusemus.»

227 1394 262 1466 [2]
279 1397 403 1451 Assensu
418 1410 550 1466 excepere
572 1393 659 1450 ceteri
679 1393 751 1448 hanc
772 1409 881 1462 vocam,
903 1394 955 1450 ssd
974 1394 1093 1452 Nabar-

191 1497 284 1549 zanes,
309 1481 358 1554 qui
377 1483 406 1538 in
427 1483 525 1539 eodem
541 1481 660 1539 consilio
675 1486 745 1550 erat,
761 1499 826 1538 cum
846 1483 945 1554 Besso,
962 1483 1092 1541 inauditi

192 1574 274 1626 antea
291 1570 424 1627 facinoris
436 1570 569 1628 societate
588 1569 668 1638 inita,
691 1587 789 1643 regem
807 1587 892 1626 suum
903 1587 954 1643 per
966 1572 1091 1645 milites,

192 1658 294 1731 quibus
315 1661 397 1716 ambo
416 1664 570 1734 praeerant,
593 1660 830 1733 comprehendere
844 1663 882 1716 et
901 1659 1010 1716 vincire
1034 1664 1092 1720 de-

191 1752 368 1819 creveranll,
388 1767 422 1807 ea
442 1753 537 1806 mente
555 1754 597 1823 ut,
619 1750 643 1806 si
655 1750 819 1805 Alexander
837 1747 914 1822 ipsos
936 1750 1092 1811 insecutus

192 1837 275 1909 soret,
290 1840 395 1897 tradito
409 1858 476 1911 rege
488 1839 563 1912 rivo,
576 1838 812 1910 inirentgratiam
826 1839 951 1912 victoris,
967 1844 1092 1913 magni⁸

191 1929 316 1998 prolecto
341 1929 449 2001 cepisse
469 1930 590 1985 'Darium
609 1927 814 1996 aestimaturi⁷3
839 1927 883 1985 sin
898 1932 995 1985 autem
1020 1948 1092 1989 eum

194 2015 316 2088 effugere
338 2017 510 2089 potuissent,
532 2016 680 2072 interiecto
699 2016 795 2087 Dario,
817 2034 940 2090 regnum
961 2018 1018 2090 ipsi
1038 2036 1091 2075 oc-

192 2103 340 2171 cuparent,
359 2101 522 2174 bellumque
548 2105 727 2157 renovarent.
752 2101 787 2174 [3]
814 2101 873 2157 Hoc
898 2102 1092 2173 parricidium

193 2203 256 2243 cum
279 2187 327 2243 diu
345 2188 531 2261 volutassent,
551 2188 739 2258 Nabarzanes,
759 2189 868 2247 aditum
889 2191 1006 2247 nefariae
1026 2195 1092 2265 spei

192 2282 391 2348 preparansss:

228 2363 319 2421 «Scio
332 2381 378 2422 mo
389 2385 415 2439 a,
437 2364 540 2439 inquit,
557 2384 572 2418 «
585 2363 756 2421 sententiam
766 2380 827 2422 esse
835 2364 979 2423 dicturum
992 2370 1094 2441 prima

193 2451 284 2521 specie
299 2452 518 2527 haudquaquam
540 2454 656 2510 auribus
675 2451 733 2508 tuis
754 2456 876 2525 gratam.
900 2454 958 2511 Sed
983 2461 1093 2517 medici

193 2556 307 2612 quoque
331 2541 477 2611 graviores
503 2542 618 2598 morbos
640 2540 747 2611 asperis
773 2542 905 2599 remediis
920 2550 1035 2617 curant,
1062 2554 1094 2607 et

193 2628 381 2699 gubernator,
402 2629 451 2683 ubi
471 2630 650 2703 naufragium
673 2628 762 2701 timet,
785 2630 897 2703 jactura
905 2635 928 2701 ⁹,
948 2635 1093 2709 quicquid

218 2834 255 2878 1x.
276 2841 293 2876 l.
316 2832 493 2885 adventamus,
512 2844 553 2882 non
573 2843 612 2885 par
664 2838 758 2877 ao-e,
769 2834 1023 2889 mma‚30u,.0nmdu
1033 2854 1094 2895 p„-

191 2895 246 2951 l’tge
258 2896 311 2938 mais
321 2907 359 2951 par
366 2895 387 2938 la
394 2894 457 2937 dures
471 2894 496 2936 da
508 2906 546 2936 son
558 2893 611 2935 ami
662 2893 699 2937 lli.
712 2916 740 2927 -
751 2901 771 2940 7.
780 2896 921 2941 autmutari
931 2910 955 2942 se
964 2908 1067 2955 rapporto
1078 2905 1093 2948 ὴ

193 2958 221 2999 tid
230 2970 282 3001 auec
293 2957 375 3002 Darius.
389 2979 418 2989 -
427 2964 448 3001 2.
460 2967 542 3009 supro,
558 2954 610 2997 dans
662 2956 820 3004 sidona-s.
830 2959 923 3002 nattum
932 2956 1092 3020 prsspwm’

193 3018 223 3061 ¹⁶⁵
234 3020 298 3063 ΗΜ
310 3021 423 3077 imm-³²
433 3026 452 3063 ³·
464 3022 600 3071 mmm!
662 3029 715 3062 nous
733 3019 807 3063 disens
818 3020 843 3063 de
853 3020 920 3064 mtms
934 3036 939 3065 :
950 3026 1093 3077 preparant

193 3079 607 3134 uom.uoa.-o.tndott,vcy.1lem.
662 3080 693 3123 lca
704 3082 775 3125 uota.
790 3104 817 3113 -
832 3089 852 3127 s.
872 3084 978 3139 jactura,
1003 3088 1093 3133 cam—3·

193 3146 217 3184 ⁸⁵
228 3143 251 3185 d·
264 3141 606 3193 -eaxrovoranowaam
662 3142 724 3187 uiro:
740 3144 814 3189 mucia
828 3145 940 3202 jacendo
959 3148 988 3191 ot
1007 3162 1090 3197 man,
