2317 3500
148 101 202 157 1216
459 118 487 168 o.
509 115 602 161 cunrr
626 117 699 160 surr
742 97 941 178 [murmur.
965 99 1051 173 330]

147 246 284 301 essemus,
296 230 392 286 olim¹⁷
407 231 479 288 alius
491 231 538 288 alii
547 231 739 303 potuissemus
749 247 811 287 esse
825 230 956 287 fastidio:
970 229 1056 301 quid

147 319 252 373 mirum
276 321 319 374 est
336 319 495 376 fortunatos
510 336 622 392 semper
635 336 732 390 parem
750 320 900 391 quaerere?
917 316 970 392 [13]
987 317 1056 376 Ob-

148 425 299 477 secretos,
316 410 383 465 olim
401 411 461 467 vita
483 411 618 480 defuncti,
637 428 797 484 quaeremus
821 412 915 467 locum
934 409 965 466 in
985 427 1058 483 quo

148 499 207 553 haec
227 514 332 554 semesa
352 499 514 555 obruamus.
539 501 616 557 Grati
635 502 753 571 prorsus
771 500 949 574 conjugibus,
971 515 1060 571 quas

148 587 266 659 iuvenes
279 587 421 657 duximus,
434 591 624 645 revertemur!
642 587 733 644 Liberi
745 587 774 642 in
787 588 857 643 llore
875 591 904 642 et
921 585 1021 642 aetatis
1030 591 1062 626 ¹⁸

151 679 179 731 et
191 692 288 731 rerum
296 681 450 747 agnoscent
463 682 558 748 patres
572 675 708 749 ergastuli
717 676 885 732 detrimenta
892 679 915 712 ¹⁹
927 680 932 728 l
950 673 1006 748 [ll]
1016 676 1063 733 Et

151 768 238 836 quota
250 781 316 836 pars
330 764 422 820 nostri
433 769 476 821 lot
490 766 567 822 obire
585 767 677 821 terras
694 765 811 836 potest?
831 763 965 819 Procul²0
987 762 1061 818 Eu-

151 868 231 923 ropa,
246 855 275 907 in
289 853 422 909 ultima¹¹
435 853 558 911 Orientis
570 852 699 926 relegati,
708 869 799 922 senes,
813 851 928 920 debiles,
938 851 1064 922 majore

153 939 346 996 membrorum
359 946 439 1011 parte
457 942 583 1010 mulcati,
599 939 784 998 tolerabimus
801 938 907 994 scilicet
920 954 987 1009 quae
1007 955 1067 995 ar-

154 1032 245 1083 matos
259 1032 287 1083 et
303 1029 424 1085 victores
443 1018 608 1103 fatigarunt.
627 1029 678 1102 [15]
696 1027 837 1101 Coniuges
851 1025 964 1098 deinde,
978 1043 1066 1100 quas

155 1117 243 1188 captis
256 1117 314 1172 lore
332 1120 360 1172 et
374 1119 526 1174 necessitas
541 1119 656 1173 unicum
669 1117 804 1173 solacium
819 1115 963 1188 applicuit,
983 1135 1069 1188 par-

156 1221 263 1276 vosque
282 1206 384 1260 liberes
407 1205 580 1261 trahimus²¹
604 1205 751 1261 uobiscum
774 1223 811 1261 an
836 1204 1068 1278 relinquimus?

157 1293 208 1364 [16]
230 1291 301 1347 Cum
314 1292 359 1347 his
372 1294 517 1348 venientes
534 1309 617 1350 nemo
635 1309 787 1366 agnoscere
803 1294 892 1350 volet:
907 1293 1069 1368 relinque-

158 1396 222 1434 mus
242 1396 311 1451 ergo
330 1383 470 1452 extemplo
484 1379 635 1453 prasentia
647 1382 808 1453 pignora¹³,
824 1397 889 1437 cum
908 1379 1071 1442 incertum

159 1469 243 1523 sitan
258 1467 347 1522 visuri
360 1466 449 1524 simus
467 1468 516 1524 illa
542 1487 605 1542 quae
630 1469 774 1540 petimus?
794 1468 870 1525 luter
887 1470 942 1525 hos
963 1471 1069 1530 laten·

160 1557 228 1610 dum
247 1557 301 1623 est,
323 1557 371 1626 qui
386 1573 438 1611 nos
449 1560 569 1613 miseros
583 1573 666 1613 nosse
676 1562 886 1629 coeperuntfl.»

195 1644 261 1700 Haec
273 1643 436 1700 Euctemon.
455 1645 507 1716 [17]
520 1645 627 1702 Contra
641 1646 800 1702 Theaetetus
813 1644 1003 1705 Atheniensis
1022 1670 1075 1709 or·
1098 1632 1101 1643 Ι

161 1749 212 1790 sus
228 1735 272 1789 est
287 1732 398 1789 dicere:
416 1753 430 1786 e
446 1732 595 1789 Neminem
609 1733 687 1805 pium
696 1737 719 1773 ¹³
733 1733 830 1790 habitu
844 1735 976 1805 corporis
993 1756 1076 1801 suos

162 1822 377 1889 aestimaturum,
389 1824 486 1896 utique
497 1824 605 1879 saevitia
619 1822 719 1893 hostis,
731 1840 788 1879 non
802 1826 933 1879 naturae
946 1826 1075 1888 calami.

162 1916 250 1968 tosos.
261 1911 385 1984 Dignum
396 1927 458 1967 esse
471 1912 547 1966 omni
559 1914 645 1979 malo,
659 1912 706 1984 qui
721 1911 899 1967 erubesceret
914 1912 1048 1976 fortuito
1067 1944 1075 1977 :

163 1999 275 2055 tristem
295 1999 370 2055 enim
395 2000 428 2054 de
454 1999 656 2056 mortalitates
678 2001 751 2055 ferre
770 1999 942 2055 sententiam
963 2008 996 2059 et
1018 2008 1079 2064 de-

164 2102 279 2157 sperare
294 2085 517 2142 misericordiam
533 2087 601 2159 quia
618 2088 678 2157 ipse
696 2086 777 2141 alteri
799 2088 997 2156 denegaturus
1018 2093 1077 2151 sit.

166 2172 218 2246 [18]
239 2175 321 2243 Deos,
341 2173 416 2244 quod
442 2173 496 2244 ipsi
515 2191 670 2247 numquam
688 2177 784 2245 optare
809 2171 870 2227 ausi
885 2173 995 2247 forent,
1023 2184 1076 2237 of-

169 2263 242 2318 ferre
264 2263 395 2333 patriam,
411 2263 557 2334 conjuges,
579 2264 684 2318 liberos
706 2266 750 2332 et,
771 2261 903 2332 quioquid
930 2265 1080 2327 homines

172 2534 204 2572 17.
229 2524 294 2577 olim,
318 2524 392 2579 depuis
410 2526 535 2581 longtemps.
564 2549 588 2560 —
642 2536 691 2567 sens
705 2524 810 2579 beaucoup
827 2522 876 2578 plus
892 2525 973 2569 etcrrdu
989 2540 1037 2583 qtre
1060 2535 1080 2576 la

173 2587 312 2642 ramore
320 2587 401 2637 ululis.
414 2589 531 2642 sopitam.
542 2596 586 2633 198.
643 2585 785 2640 motiraneeis
798 2586 873 2638 piace
889 2598 897 2627 .·
914 2586 931 2629 il
944 2599 968 2629 sc
990 2591 1027 2633 dit
1052 2597 1082 2638 de

172 2672 199 2684 -
209 2657 242 2695 19.
254 2648 365 2704 &postult
376 2649 523 2703 delrinscnla,
538 2662 587 2705 noy.
643 2648 731 2689 l’amour
741 2658 795 2702 pour
806 2646 836 2689 les
846 2651 941 2701 parents,
951 2648 986 2692 les
995 2650 1082 2710 diem,

173 2715 235 2757 Rem.
244 2716 270 2755 ll
281 2716 303 2753 ct
310 2711 370 2753 Dtct.
381 2711 440 2753 Hiel.
449 2732 476 2740 -
488 2718 521 2755 2ο,
533 2723 590 2764 pro
644 2710 663 2751 la
672 2709 749 2763 patrie.
758 2731 785 2740 -
794 2714 827 2751 26.
835 2713 932 2751 natura.
945 2710 991 2753 Les
1003 2712 1085 2761 Grues

174 2776 220 2828 ccl,
236 2786 282 2829 roy.
303 2773 366 2816 Rem.
382 2778 427 2817 127.
442 2794 469 2803 -
485 2780 519 2815 22.
536 2772 590 2813 clri-
644 2772 728 2813 avaient
741 2770 829 2812 horreur
839 2770 877 2811 des
887 2770 1021 2817 difformiles
1039 2790 1086 2822 na.

174 2850 222 2890 uec,
229 2849 277 2891 roy.
284 2834 346 2878 Rern.
355 2840 458 2878 5ο.-22.
465 2834 591 2885 trahimus,
645 2833 749 2875 turellas:
762 2831 861 2873 Thoante
875 2836 928 2873 reut
947 2830 1003 2877 taire
1027 2849 1086 2883 res.

176 2912 202 2941 eu
212 2899 296 2953 present
303 2896 342 2953 qui
349 2896 417 2952 aplus
425 2894 592 2949 deviraciteque
645 2894 708 2938 sortir
718 2906 740 2936 ee
753 2892 792 2936 fait
801 2904 842 2948 que
858 2892 890 2935 les
901 2892 1041 2942 difformites
1055 2902 1087 2946 de

177 2960 196 3001 le
203 2956 454 3013 lutur'.—2a.pipncra‚
464 2956 591 3008 cl.lV‚11v,
645 2968 679 2999 ses
688 2966 840 3011 compagnons,
845 2960 924 2998 venant
934 2956 1088 3007 delacruau-

179 3028 213 3066 11.
228 3045 256 3054 -
269 3027 304 3066 24.
322 3025 447 3075 mmet,
463 3031 512 3073 roy.
529 3019 591 3060 Rern.
646 3019 667 3060 te'
681 3018 719 3062 des
729 3018 813 3071 Perses,
831 3022 905 3060 serent
925 3018 998 3063 moins
1024 3026 1088 3069 cho-

180 3089 224 3126 ιιι.
241 3101 260 3116 a
283 3091 308 3127 25
332 3084 408 3138 plum.
425 3078 516 3133 melqui
536 3092 593 3122 aun
647 3086 742 3127 ouantes.
759 3102 785 3111 -
804 3085 838 3123 27.
851 3080 1006 3133 mortalitate,
1028 3096 1084 3143 νος,
