2317 3500
151 193 188 248 66
376 255 377 260 1
478 204 508 255 o.
532 203 623 245 cunrr
646 203 720 246 auri
885 183 958 266 [nrt
973 183 1046 269 332]

151 325 212 375 tuni
229 320 350 376 Africam
366 320 495 383 urebant,
511 321 539 375 ot
552 318 629 388 haud
642 303 741 389 procul
754 317 935 390 Carthaginis
952 318 1048 374 muris

151 407 314 463 locaverant
340 410 442 463 castra.
471 406 533 463 Non
559 409 654 462 tamen
679 406 806 462 deiecere
830 406 933 461 animis
954 405 1046 475 Tyrii,

151 509 322 565 quamquam
342 495 376 550 ab
396 493 505 567 ingenti
520 510 569 565 spo
582 491 719 550 'destituti
737 496 828 558 erant,
842 495 891 548 sed
909 492 1050 564 conjuges

151 582 311 653 liberosque
326 583 502 639 devehendos
515 581 715 654 Carthaginem
736 582 923 646 tradiderunt,
945 582 1050 639 lortius

151 669 285 742 quicquid
296 671 434 726 accideret
452 670 547 734 laturi,
564 670 588 725 si
602 669 778 726 carissimam
789 670 834 724 sui
845 673 954 741 partem
967 674 1051 726 extra

151 761 257 814 sortem
271 758 386 830 periculi
402 758 560 813 communis
573 758 748 815 habuissent.
766 757 817 830 [tl]
833 756 1051 829 Cumqueuuus

151 847 289 903 ocivibus
309 845 339 902 in
356 845 487 903 contione
508 845 660 902 indicasset
674 847 796 903 oblatam
815 862 877 901 osso
894 861 944 917 per
970 861 1052 900 som-

152 951 221 991 num
250 933 303 990 sibi
330 934 452 1006 speciem
480 935 634 1006 Apollinis,
660 950 746 1007 quem
772 933 875 990 eximia
908 933 1052 1005 religione

151 1023 291 1091 colerent,
310 1024 409 1079 urbem
430 1023 598 1091 deserentis,
621 1025 782 1094 molemque
808 1039 825 1078 a
846 1021 1053 1079 Macedonibus

151 1110 181 1165 in
203 1108 298 1165 salo³⁴¹
316 1109 420 1182 jactam
446 1110 475 1165 in
492 1109 650 1165 silvestrem
671 1110 775 1164 saltum
800 1124 863 1164 esse
885 1111 1050 1165 mutatam:

152 1197 203 1270 [ἳῖ]
217 1213 391 1270 quamquam
406 1200 503 1254 auctor
522 1197 620 1253 levis⁸⁷
636 1199 708 1268 erat,
723 1200 830 1263 tamem
851 1196 886 1252 ad
907 1195 1054 1254 deteriora

152 1287 292 1342 credenda
315 1287 397 1355 proni
419 1289 507 1353 metu,
530 1301 616 1340 aurea
639 1288 737 1348 catena
760 1283 910 1340 devinxere
930 1283 1055 1340 simula-

153 1387 242 1437 crum,
256 1387 368 1445 araeque
383 1372 522 1438 Herculis,
535 1372 616 1444 cujus
631 1371 742 1428 numini
756 1372 856 1428 urbem
873 1370 1052 1438 dicaverant,

153 1460 298 1515 inseruere
308 1460 462 1528 vinculum,
472 1461 552 1533 quasi
565 1461 615 1515 illo
628 1460 681 1515 deo
692 1459 850 1531 Apollinem
861 1463 1053 1516 retenturo³⁸.

155 1546 303 1618 Syracusis
322 1546 350 1602 id
369 1548 552 1604 simulacrum
568 1549 737 1603 devexerant
750 1544 838 1613 Poeni,
854 1549 884 1602 et
896 1545 926 1602 in
941 1546 1055 1619 majore

154 1637 316 1691 locaverant
329 1636 458 1708 patria⁵⁹,
472 1635 626 1706 multisque
641 1634 705 1690 aliis
719 1633 818 1706 spoliis
834 1634 950 1690 urbium
969 1652 985 1689 a
1003 1651 1055 1693 se-

154 1727 213 1781 met
232 1728 378 1796 captarum
402 1742 458 1782 non
483 1723 686 1797 Carthaginem
710 1722 804 1796 magis
828 1739 915 1794 quam
940 1722 1053 1795 Tyrum

155 1807 333 1867 ornaverant.
366 1811 417 1884 [23]
440 1812 560 1869 Sacrum
584 1826 714 1884 quoque,
742 1812 819 1883 quod
844 1811 977 1882 equidem
1005 1813 1056 1870 dis

155 1898 272 1955 minime
294 1900 371 1956 cordi
397 1916 460 1957 esse
485 1900 669 1968 crediderim,
697 1900 798 1955 multis
823 1898 935 1955 saeculis
962 1899 1059 1956 inter-

156 1992 286 2059 missum,
296 1990 441 2061 repetendi
456 1994 587 2053 auctores
597 1989 713 2061 quidam
727 1992 849 2058 orante,
861 1992 894 2043 ut
907 1988 1058 2060 ingenuus

155 2094 226 2149 puer
243 2078 395 2133 Saturno⁴¹
416 2078 612 2135 immolaretur
630 2080 731 2149 :quod
752 2077 934 2148 sacrilegium
955 2079 1059 2137 verius

155 2181 242 2237 quam
256 2180 367 2221 sacrum
383 2164 644 2237 Carthaginienses,
659 2182 676 2220 a
693 2165 887 2221 conditoribus
902 2165 1059 2238 traditum,

156 2270 246 2325 usque
264 2254 298 2308 ad
318 2252 471 2309 exscidium
484 2254 561 2309 urbis
579 2270 639 2308 suae
660 2254 759 2309 lecisse
774 2253 916 2309 dicuntur.
932 2254 980 2321 Ao,
996 2255 1061 2313 nisi

157 2338 312 2396 seniores⁴’
324 2339 512 2409 obstitissent,
528 2356 651 2412 quorum
674 2341 791 2397 consilio
810 2344 911 2396 cuncta
933 2341 1049 2411 ageban

157 2435 214 2500 tur,
230 2430 437 2485 humanitatem
451 2431 514 2485 dira
527 2430 691 2501 superstitio
702 2430 826 2486 vicisset.

193 2517 243 2590 [24]
258 2516 400 2584 Ceterum,
418 2518 557 2575 efficacior
571 2518 647 2575 omni
661 2523 732 2587 arte,
752 2518 905 2575 necessitas
924 2534 981 2573 non
997 2521 1064 2577 usi-

157 2610 216 2662 tata
230 2606 314 2661 modo
331 2606 473 2676 praesidia,
486 2608 535 2664 sed
557 2609 687 2681 quaedam
711 2606 796 2663 etiam
821 2622 893 2662 nova
917 2606 1062 2667 admovit.

157 2695 298 2767 Namque,
312 2694 348 2751 ad
360 2694 530 2765 implicanda
538 2696 652 2768 navigia
663 2712 725 2767 quae
736 2712 834 2753 muros
848 2694 993 2765 subibant,
1007 2714 1067 2754 va-

157 2784 223 2841 lidis
242 2784 385 2841 asseribus
402 2782 615 2857 Ιιανραροφιαε43
634 2784 823 2856 illigaverant,
850 2788 893 2853 ut,
913 2799 979 2838 cum
998 2787 1065 2842 tor-

158 2909 227 2952 lhoclo
240 2910 297 2953 n'eut
309 2909 352 2953 lieu
370 2921 411 2964 quo
423 2909 472 2963 plus
487 2908 541 2961 lard,
552 2921 578 2952 on
632 2914 666 2952 to.
680 2909 799 2962 repetendi
808 2913 913 2951 auctores
924 2915 1000 2963 ornat,
1009 2924 1069 2955 eon-

158 2977 203 3016 tos.
222 2994 248 3004 -·
264 2978 296 3017 to.
308 2971 366 3023 aulo,
379 2983 427 3025 roy.
440 2972 503 3015 flora.
517 2977 542 3016 as
555 2983 578 3014 o.
633 2968 740 3012 seillaient
752 2968 870 3012 dererenir
887 2970 907 3011 h.
923 2992 951 3001 -
964 2975 1000 3014 ll.
1019 2972 1072 3015 Ses-

157 3055 184 3065 -
197 3033 532 3088 tl.leoia‚sausautoritt.-tt.
545 3046 582 3075 ra·
633 3032 812 3085 turrembloioeh,
826 3044 874 3086 roy.
886 3032 947 3075 Dict.
960 3032 1023 3076 llist.
1036 3058 1073 3068 ·-

158 3098 257 3147 lecturo,
270 3096 394 3153 sopitam.
409 3102 583 3141 lta-tama·
634 3099 671 3139 ta.
695 3094 807 3145 sonmrcr,
823 3092 843 3134 lo
868 3094 948 3136 conseil
967 3094 1008 3138 des
1024 3107 1074 3140 an-

158 3156 208 3214 jora
229 3160 318 3214 pudo.
342 3159 362 3205 tr
383 3160 440 3206 rutro
461 3162 535 3218 putris,
555 3180 582 3193 -
635 3155 765 3204 eun-m
779 3157 1075 3216 borpcqooomopvioa
