2317 3500
130 99 186 156 268
440 113 470 163 o.
495 110 590 156 cunm
614 110 688 153 nuri
821 90 938 173 [parur.
960 92 1037 177 328]

129 227 214 284 inviis
226 230 255 283 et
272 226 381 298 asperis
400 230 573 299 saxorumss,
596 224 711 298 periculi
730 225 864 282 instantis
890 226 984 293 obliti,
1006 226 1039 283 in

130 320 220 373 lucem
243 316 427 389 quieverunt3
449 316 631 388 tandemque,
646 316 725 371 velut
739 331 773 371 ex
788 315 846 372 alto
858 331 962 388 sopore
983 333 1040 373 ex-

130 406 218 474 citati,
232 408 355 463 occultas
368 404 565 477 subjectasque
584 404 653 477 ipsis
671 406 761 461 valles
775 405 923 477 rimanteS,
938 407 1038 480 ignari

129 513 159 551 m
184 513 240 567 qua
262 498 342 568 parte
366 498 453 568 petrae
479 498 557 551 tanta
586 494 629 549 vis
654 494 781 550 hostium
805 494 919 551 condita
945 500 1039 562 esset,

130 586 241 641 fumum
253 602 338 657 specu
351 584 426 640 infra
442 599 473 639 se
488 583 564 655 ipsos
579 583 725 639 evolutum
736 587 917 640 notaverunt.
930 585 983 657 [19]
997 586 1040 639 Ex

130 692 186 748 quo
207 676 385 733 intellectum
411 673 489 730 illam
518 675 645 729 hostium
664 672 803 730 latebram
832 691 904 731 esse.
934 674 1041 748 ltaque

131 766 220 821 hastis
240 767 402 838 imposuere
423 764 500 835 quod
524 766 695 819 convenerat
717 762 842 837 signum.
862 764 995 838 Totoque
1024 783 1042 821 e

131 871 250 911 numero
261 873 282 911 11
296 858 324 909 et
337 872 391 909 xxx
404 852 432 909 in
445 870 563 910 ascensu
574 852 706 908 interisse
720 857 888 925 agnoscunt.
921 916 925 921 ,

166 944 219 1016 [20]
241 944 309 1010 Rex,
323 960 380 999 nou
395 942 526 1014 cupidine
541 941 633 1015 magis
647 940 776 1013 potiundi
791 943 845 998 loci
867 960 955 1015 quam
975 945 1042 1003 vice

131 1048 231 1088 eorum
251 1049 322 1106 quos
341 1033 376 1088 ad
391 1036 451 1087 tam
472 1030 656 1088 manifestum
668 1030 826 1101 periculum
841 1031 960 1090 miserat
975 1035 1042 1090 sol·

130 1122 234 1194 licituS,
252 1125 313 1180 toto
328 1121 373 1177 die
388 1123 535 1179 cacumina
554 1120 660 1177 montis
678 1120 793 1177 intuens
807 1121 924 1178 restitit.
941 1122 1043 1181 Noctu

132 1213 256 1276 demum,
278 1228 342 1267 cum
357 1212 515 1267 obscuritas
536 1213 717 1281 conspectum
742 1210 891 1267 oculorum
911 1212 1044 1270 ademis-

132 1304 225 1367 set²⁵‚'
239 1302 275 1356 ad
294 1301 451 1356 curandum
460 1304 484 1336 ‘²⁴
503 1314 606 1370 corpus
627 1299 754 1355 recessit.
771 1300 822 1373 [21]
841 1300 962 1358 Postero
979 1302 1041 1373 die,

132 1389 258 1443 nondum
274 1388 343 1443 satis
359 1389 435 1444 clara
450 1389 522 1459 luce,
538 1386 648 1458 primus
661 1388 734 1453 vela,
750 1386 866 1458 signum
878 1388 952 1460 capti
970 1406 1044 1446 ver-

132 1477 206 1543 ticis,
219 1466 373 1548 conspexit.
386 1477 452 1543 Sed,
466 1479 529 1533 ne²⁵
540 1476 687 1532 falleretur
697 1475 939 1533 acies²⁶dubitare
951 1495 1045 1552 coge-

132 1556 181 1622 bat
194 1566 316 1623 varietas
336 1565 407 1633 caeli,
423 1584 498 1622 nunc
516 1564 700 1622 internitente
720 1566 791 1621 lucis
808 1565 929 1639 fulgore,
952 1586 1044 1627 nunc

132 1655 253 1712 condito.
276 1656 327 1729 [22]
344 1656 461 1723 Verum,
477 1660 510 1712 ut
530 1654 665 1727 liquidior
677 1655 725 1709 lux
739 1654 871 1725 apparuit
883 1656 963 1725 caelo,
986 1659 1046 1714 du-

132 1743 231 1802 bitatio
261 1750 390 1818 exempta
414 1750 459 1802 est
483 1749 700 1817 :vocatumque
725 1742 851 1816 Cophen,
879 1763 1045 1819 perquem

132 1837 318 1892 barbarorum
337 1836 448 1892 animos
469 1836 638 1902 tentaverat,
658 1832 745 1889 mittit
769 1833 804 1888 ad
822 1849 881 1904 eos,
907 1834 957 1907 qui
975 1853 1046 1894 mo-

133 1927 213 1981 neret
225 1941 300 1980 nuno
312 1925 414 1981 saltem
428 1923 571 1979 salubrius
583 1921 733 1978 consilium
747 1920 870 1990 inirent,
882 1921 926 1977 sin
940 1926 1045 1984 autem

133 2013 235 2070 fiducia
263 2012 317 2069 loci
341 2015 565 2085 perseverarent,
599 2012 709 2066 ostendi
733 2027 749 2066 a
771 2013 854 2082 tergo
874 2010 964 2084 jussit
989 2015 1044 2086 qui

133 2106 266 2174 ceperant
279 2103 422 2158 verticem.
888 2149 890 2153 ,

168 2190 219 2262 [23]
240 2190 350 2262 Cophes
363 2189 514 2261 admissus,
533 2189 683 2245 suadere‘r
698 2187 781 2260 coepit
791 2187 911 2244 Arimazi
923 2193 1045 2262 petram

133 2279 256 2348 tradere,
271 2281 394 2350 gratiam
408 2281 486 2352 regis
505 2279 622 2347 inituro,
639 2277 674 2348 si,
688 2280 781 2332 tantas
796 2293 843 2333 res
858 2279 1044 2356 molientem,

133 2367 162 2422 ln
177 2367 263 2422 unius
276 2369 356 2440 rupis
375 2368 520 2424 obsidione
533 2367 640 2422 haerere
651 2382 708 2421 non
719 2366 870 2438 coegisset.
885 2364 947 2433 Ille,
964 2369 1046 2426 lero-

133 2454 194 2512 cius
218 2455 425 2528 superbiusque
450 2472 537 2528 quam
567 2458 650 2510 antea
672 2455 794 2524 locutuS,
822 2454 899 2510 abire
920 2453 1045 2527 Cophen

130 2545 220 2618 jubet.
247 2544 300 2618 [22]
325 2545 361 2599 At
393 2543 418 2599 is
441 2559 578 2615 prensum
608 2559 694 2599 manu
722 2544 877 2600 barbarum
901 2549 989 2618 rogat
1010 2553 1047 2606 ut

50 2644 53 2650 “
132 2650 226 2690 secum
243 2638 322 2690 extra
343 2649 458 2703 specum
475 2632 602 2704 prodeat.
620 2630 682 2696 Quo
697 2631 858 2704 impetrato,
869 2631 994 2706 juvenes
1013 2636 1046 2693 in

132 2722 276 2780 cacumine
291 2720 424 2791 ostendit,
439 2725 466 2776 et
480 2720 541 2790 ejus
560 2720 698 2791 superbiae
711 2721 788 2778 haud
808 2720 954 2780 immerito
971 2724 1048 2783 illu-

132 2927 220 2981 surprit.
240 2949 267 2958 -
280 2933 316 2970 22.
338 2926 414 2970 tacita
429 2935 554 2973 saxorum,
607 2931 630 2975 v,
650 2929 681 2967 lo.
696 2947 723 2955 -
739 2931 773 2968 25.
790 2936 827 2974 rte,
844 2927 906 2980 apres
917 2927 1045 2982 dubitare,

133 2999 180 3042 roy.
193 2989 255 3030 Rern.
270 2996 305 3033 50.
320 3011 345 3020 -
361 2994 396 3032 2³.
409 2991 555 3041 conspectum
608 2990 641 3028 est
659 2986 709 3028 d'un
725 2986 803 3040 emploi
821 2987 863 3029 fort
880 3000 936 3031 rare¹
957 3012 986 3022 -
1005 2999 1044 3038 25,

134 3049 255 3090 oculorum
264 3051 393 3099 odemtaret,
407 3049 500 3093 locution
512 3050 555 3090 tres
608 3047 677 3101 acies,
697 3049 795 3102 supplosa
810 3051 942 3095 oculorum.
958 3075 984 3084 -
1004 3063 1043 3100 27.

135 3120 190 3151 raro.
205 3131 232 3140 -
246 3115 279 3154 24.
294 3111 435 3172 corchm,
447 3121 494 3164 roy.
506 3109 554 3161 Vll,
607 3109 706 3152 soom
714 3119 738 3151 eo
748 3111 853 3155 construit
864 3113 913 3168 plus
927 3113 1045 3160 habituel-
