2317 3500
171 227 205 282 10
496 243 526 294 o.
549 241 640 284 cunrr
663 241 737 285 nuri
848 223 976 306 [eninr.
995 228 1064 306 ³3³]

168 352 320 425 gladioque
333 354 425 430 ruptis
439 355 572 415 omnibus
585 354 666 427 loris,
681 355 789 415 oraculi
803 356 912 432 sortem
925 357 970 412 rel
982 357 1069 414 elusit

166 443 210 498 vel
225 442 359 514 implevit.

202 529 253 602 [19]
271 533 340 588 Germ
354 533 455 590 deinde
470 532 598 599 Darium,
612 533 783 610 ubicumque
796 537 881 606 esset,
897 550 1034 607 occupare
1043 539 1068 572 ⁵⁰

166 619 323 687 statuisset,
352 623 385 678 ut
409 638 426 678 a
451 625 533 696 tergo
561 625 623 677 tuta
651 621 833 696 relinqueret,
862 623 1067 693 Amphoterum

166 705 248 762 classi
267 708 302 762 ad
321 724 401 764 oram
419 707 606 780 Hellesponti,
621 708 709 785 copiis
717 715 740 746 ⁸¹
759 712 856 768 eutem
873 709 997 781 praeiecit
1012 710 1069 764 He=

166 795 325 866 gelochum,
341 797 463 857 Lesbum
476 801 504 854 et
516 796 619 854 Chium
632 795 778 874 Coumque
789 795 930 872 presidiis
940 797 1068 854 hostium

167 883 345 942 liberaturos
365 885 417 960 [20]
436 886 487 942 His
501 886 640 944 latenter*
659 887 694 945 ad
715 887 780 946 belli
802 903 887 944 usum
910 886 1069 960 quingenta

166 972 319 1030 attributa:
338 975 373 1030 ad
390 975 570 1046 Antipatrum
583 978 612 1033 et
630 990 679 1032 eos
702 976 751 1047 qui
769 975 880 1035 Graecas
899 976 985 1032 urbes
1005 978 1068 1031 tue-

76 1131 78 1136 ·
164 1060 279 1131 bantur,
301 1066 430 1118 sescenta
454 1062 560 1120 missa:
582 1080 616 1119 ex
635 1063 739 1120 ioedere
760 1079 847 1122 naves
870 1064 957 1121 sociis
978 1063 1069 1134 impe-
1135 1072 1140 1083 '

165 1151 244 1216 ratae,
259 1166 322 1222 quen
335 1149 516 1223 Hellesponto
530 1150 759 1228 presiderenw.
776 1150 831 1226 [tl]
843 1151 978 1209 Nondum
990 1151 1068 1207 enim

167 1235 345 1298 Memnonem
364 1239 422 1296 vita
442 1239 596 1296 excessisse
614 1242 798 1310 cognoverat,
816 1240 846 1295 in
863 1257 949 1317 quem
968 1255 1069 1296 omnes

166 1324 325 1395 intenderat
343 1345 435 1401 curas,
456 1329 526 1384 satis
542 1343 651 1402 guarus
674 1332 775 1389 cuncta
792 1328 822 1384 iu
843 1329 973 1405 expedito
993 1329 1067 1397 lore,

166 1412 187 1468 si
203 1413 274 1468 nihil
289 1413 323 1470 ab
338 1431 371 1472 eo
384 1421 555 1474 moveretur.

201 1501 252 1573 [22]
271 1501 392 1574 Jamque
407 1506 442 1561 ad
461 1507 560 1561 urbem
577 1506 718 1576 Ancyram
731 1509 848 1561 ventum
862 1509 934 1574 erat,
949 1503 998 1561 ubi
1013 1522 1079 1568 niri-v

164 1605 243 1645 mero
253 1591 399 1662 copiarum
410 1593 479 1649 inito
486 1598 520 1661 ³⁴,
530 1592 753 1666 Paphlagoniam
763 1593 864 1653 intrata
874 1593 939 1651 huic
946 1593 1069 1665 junone*

164 1681 245 1736 erant
267 1678 379 1750 Heneti,
403 1683 478 1738 unde
502 1680 618 1755 quidam
641 1680 764 1738 Venetos
787 1682 901 1738 trahere
924 1681 1069 1756 originem

164 1768 292 1825 creduut.
306 1770 358 1842 [23]
373 1771 472 1831 Omnis
482 1771 542 1827 haee
553 1770 634 1841 regio
644 1771 740 1842 paruit
752 1769 813 1843 regi
824 1789 838 1842 ς,
847 1772 976 1845 datisque
990 1771 1070 1827 obsi-

164 1854 257 1930 dibus,
272 1857 423 1928 tributum,
441 1861 518 1933 quod
535 1875 571 1915 ue
584 1858 681 1915 Persis
694 1858 809 1939 quidem
827 1857 971 1927 tulissent,
990 1876 1070 1928 pen-

163 1942 231 1999 dere
245 1962 281 2001 ue
290 1950 460 2017 cogerentur
474 1947 708 2019 impetraverunt.
723 1946 775 2019 [24]
788 1945 870 2002 Calas
879 1946 945 2003 huic
954 1946 1070 2019 regioni

164 2034 333 2106 praepositus
359 2039 424 2091 est:
447 2035 548 2105 ipson,
563 2035 718 2107 assumptis
727 2039 749 2072 ³⁷
774 2033 824 2113 qui
842 2046 881 2090 'ex
902 2034 1071 2092 Macedonia

164 2136 255 2191 nuper
268 2122 450 2193 advenerant,
465 2120 671 2203 Cappadociam
684 2122 775 2193 petiit.

184 2350 273 2399 Durius
293 2346 372 2413 prend
392 2346 415 2395 ie
438 2347 656 2396 commendement
674 2346 705 2396 de
721 2360 765 2396 son
784 2346 869 2394 nrmtu
884 2349 910 2394 et
924 2346 949 2393 le
967 2358 1045 2409 passe

274 2435 305 2469 en
321 2434 405 2469 revue.
416 2445 447 2455 -
461 2419 595 2470 Frenchise
610 2419 642 2473 de
654 2417 809 2481 elendune,
830 2431 859 2466 ua
871 2421 945 2473 rnort.

201 2551 236 2607 11.
254 2550 286 2625 [1]
306 2553 341 2606 At
360 2550 473 2621 Darius,
492 2550 623 2606 nuntiata
637 2550 797 2606 Memnonis
811 2555 911 2612 morte,
927 2549 1006 2604 baud
1022 2568 1072 2608 se-

165 2657 214 2696 cus
233 2656 318 2715 quam
333 2656 385 2712 par
407 2642 468 2695 erat
481 2642 587 2709 motus,
607 2638 714 2694 omissa
727 2637 804 2693 omni
820 2638 874 2693 alia
888 2653 948 2709 spe,
964 2641 1072 2698 statuit

166 2731 225 2802 ipse
240 2731 390 2787 decernere
400 2735 429 2781 ¹:
447 2726 550 2800 quippe
569 2746 633 2800 quen
647 2743 698 2800 per
714 2728 800 2783 duces
814 2743 881 2782 suos
897 2730 961 2782 acta
971 2734 1069 2798 erant,

167 2924 288 2967 Rem.196.
302 2940 329 2948 -
346 2924 380 2961 3ο.
400 2927 521 2969 occupare,
540 2926 588 2957 sur·
642 2918 700 2955 ment
712 2914 791 2956 iait.-
803 2913 929 2969 ³5-J'uncte‘,
940 2925 989 2969 roy.
1001 2917 1069 2962 Rern.

166 2982 264 3039 prendre·
283 3000 311 3012 -
325 2984 357 3023 ³1.
370 2976 548 3029 copita,troupes
562 2976 587 3017 de
642 2981 666 3019 28
694 2976 715 3018 b.
740 2997 767 3006 -
786 2981 818 3019 no.
843 2974 901 3027 ipae,
933 2974 1071 3022 &eut-Mis,

167 3046 230 3085 terre.
243 3040 283 3083 Cot
299 3037 376 3093 emploi
386 3044 419 3079 est
431 3036 475 3090 dejt
489 3036 588 3079 dansce-
641 3036 768 3079 Alexandro.
778 3060 803 3066 -
812 3036 991 3090 enummpria,
1005 3050 1071 3084 seue

167 3115 242 3147 nan-
251 3108 284 3147 32.
294 3101 388 3151 talenta
402 3110 449 3155 vop.
460 3099 586 3141 Dicthsl.
640 3098 733 3141 entendu
745 3098 791 3148 iim
802 3108 849 3151 vor.
863 3096 925 3139 Rene
940 3103 967 3141 ot
978 3100 999 3142 b.

167 3188 193 3197 -
214 3169 248 3209 ³3.
268 3162 431 3217 prenderent,
451 3160 524 3203 veiller
541 3172 586 3203 sur.
636 3206 640 3212 ,
667 3160 693 3203 ΙΙ.
709 3167 728 3203 t.
742 3160 795 3211 ipse
805 3158 939 3213 decernere,
946 3160 993 3213 pris
1006 3162 1071 3216 abse-

167 3230 237 3269 -at,
251 3222 588 3270 numero„.tnno,terecense-
641 3222 723 3264 tument
762 3219 878 3262 combattre
899 3219 1022 3288 lui-meme.
1043 3248 1071 3260 ..
