2317 3500
150 223 186 276 28
477 232 505 283 o.
530 231 620 293 cuam
644 231 718 272 num
876 210 959 294 [nur.
978 211 1050 293 333]

106 407 109 414 ¹
149 364 261 420 quoque
281 351 309 401 et
326 346 449 403 Caunios
464 351 492 402 et
510 336 642 418 pleraque
659 349 768 401 tractus
778 351 802 384 ¹⁰
823 346 884 418 ejus
898 363 956 402 suae
978 347 1055 402 facta

150 435 268 492 dicionis
278 441 310 489 ¹¹.

187 525 219 597 [5]
243 524 343 597 Igitur,
358 525 434 580 edito
448 527 607 597 spectaculo
622 524 730 579 ludicro
747 526 907 597 castrisque
920 524 1007 580 motis
1026 528 1056 578 et

150 613 272 685 Pyramo
291 629 373 669 amne
387 618 473 684 ponte
487 613 597 686 juncto,
611 613 646 667 ad
661 613 761 666 urbem
777 611 896 667 Mallum
908 612 1054 684 pervenit3

151 701 225 773 inde,
251 703 348 758 alteris
375 703 518 771 castriso,
541 702 577 758 ad
598 700 733 771 oppidum
753 700 930 758 Catabolum.
953 701 987 774 [6]
1012 700 1056 756 Ibi

152 791 302 847 Parmenio
317 790 379 864 regi
394 791 532 847 occurrit:
544 788 710 861 praemissus
723 792 785 844 orat
800 789 836 845 ad
849 789 1057 860 explorandum

152 881 206 935 iter
232 881 322 936 saltus
346 897 397 952 per
416 898 501 958 quem
520 880 555 934 ad
572 879 685 950 urbem,
703 876 815 934 Issou¹⁵
829 878 954 944 nomine,
969 895 1059 949 pene-

155 971 285 1024 trandum
309 975 380 1025 erat.
407 971 440 1044 [7]
465 972 557 1044 Atque
579 971 637 1040 ille,
662 970 804 1042 angustiis
828 969 891 1042 ejus
912 967 1058 1038 occupatis

152 1062 182 1114 et
204 1058 335 1130 praesidio
358 1059 469 1116 modico
493 1060 603 1130 relicto,
628 1058 709 1115 Isson
734 1075 847 1131 quoque
876 1059 1061 1113 desertama

153 1149 282 1204 barbaris
303 1153 424 1221 ceperat.
445 1149 512 1205 Inde
533 1165 714 1221 progressus,
734 1147 893 1204 deturbatis
915 1145 964 1218 qui
979 1145 1060 1201 inte-

154 1237 230 1293 riora
251 1239 389 1293 montium
401 1243 424 1274 ¹⁴
446 1238 622 1305 obsidebant,
642 1236 782 1308 praesidiis
800 1239 902 1292 cuncta
915 1233 1060 1305 firmavit3

157 1329 346 1398 occupatoque
358 1324 468 1394 itinere,
484 1326 558 1382 sicut
570 1326 654 1396 paulo
669 1328 734 1381 ante
749 1326 855 1381 dictum
869 1327 922 1392 est,
938 1322 1015 1379 idem
1033 1327 1065 1380 et

156 1417 254 1469 auctor
277 1417 304 1469 et
325 1413 442 1470 nuntius
460 1415 547 1471 venit.

191 1502 224 1574 [8]
243 1501 323 1558 Isson
343 1503 442 1559 deinde
461 1521 509 1559 rex
529 1503 625 1573 copias
641 1502 787 1558 admovit:
805 1503 854 1558 ubi
869 1500 988 1558 consilio
1002 1502 1066 1558 ha-

106 1642 111 1650 .
156 1591 225 1659 bito,
247 1595 381 1647 utrumne
399 1593 476 1647 ultra
491 1591 732 1664 progrediendum
753 1592 836 1661 toret,
862 1595 929 1646 an¹⁵
949 1590 987 1645 ibi
1010 1609 1064 1664 op-

155 1678 281 1751 periendi
310 1685 405 1736 essent
430 1681 526 1737 novi¹⁶
548 1679 653 1736 milites
672 1697 744 1753 quos
767 1698 801 1736 ex
820 1679 984 1736 Macedonia
1008 1682 1069 1736 ad-

157 1773 274 1843 ventare
291 1771 447 1840 constabat,
474 1770 625 1827 Parmenio
649 1787 706 1825 nou
728 1770 816 1825 alium
841 1771 936 1825 locum
959 1771 1067 1840 proelio

158 1857 296 1929 aptiorem
310 1875 373 1914 esse
386 1862 527 1917 censebat.
539 1858 572 1931 [9]
590 1879 603 1910 c
621 1858 730 1931 Quippe
745 1858 803 1914 illic
817 1858 967 1930 utriusque
982 1860 1068 1930 regis

159 1947 253 2019 copias
275 1964 392 2004 numero
412 1948 522 2004 futuras
541 1964 635 2018 pares,
656 1965 720 2003 cum
742 1947 881 2023 augustias
899 1947 1068 2004 multitudi-

159 2052 225 2091 nem
234 2040 256 2071 ¹⁷
280 2052 337 2090 non
363 2039 504 2105 caperent.
532 2034 685 2090 Planitiem
704 2035 774 2107 ipsis
796 2050 970 2106 camposque
998 2054 1068 2096 esse

159 2121 299 2191 vitandos,
315 2122 364 2176 ubi
383 2121 536 2188 circumiri,
559 2122 608 2177 ubi
629 2123 743 2195 ancipiti
751 2128 773 2160 ¹⁸
785 2124 843 2179 acie
858 2124 981 2195 opprimi
997 2144 1071 2197 pos-

160 2215 245 2268 sent:
261 2211 395 2267 timoren
414 2226 449 2265 ne
475 2227 531 2266 non
549 2212 655 2268 virtute
671 2212 808 2279 hostium,
826 2212 876 2267 sed
893 2212 1070 2274 lassitudine

161 2316 213 2355 sua
221 2298 402 2355 vincerentur
416 2318 423 2353 :
437 2299 540 2355 Persas
553 2304 680 2356 recentes
693 2300 813 2356 subinde
831 2316 1027 2373 successuros,
1043 2306 1071 2361 si

162 2386 252 2443 laxius
278 2392 356 2443 stare
374 2388 564 2459 potuissento'
581 2389 633 2463 [10]
650 2390 742 2445 Facile
755 2388 828 2443 ratio
855 2392 915 2443 tam
938 2390 1071 2450 salubris

163 2476 273 2531 consilii
286 2480 398 2548 accepta
416 2482 468 2533 est.
488 2478 586 2551 ltaque
598 2478 673 2535 inter
684 2478 863 2551 angustias¹⁰
884 2478 976 2533 saltus
998 2482 1074 2539 hos-

162 2568 219 2619 tem
235 2564 358 2635 opperiri
371 2566 480 2621 statuit.

164 2791 185 2828 ct
195 2786 299 2828 Asander.
313 2808 338 2815 —
350 2792 381 2827 to.
390 2791 485 2834 tractus,
496 2786 570 2837 region
579 2800 585 2837 ;

165 2860 215 2891 sene
224 2860 285 2890 rare:
297 2859 334 2889 sor
345 2847 365 2889 le
378 2847 457 2899 ge'nitit
467 2860 513 2900 roy.
522 2849 585 2890 Rem.

166 2917 198 2953 50.
208 2935 228 2942 -
243 2909 396 2960 indictonis,
407 2910 586 2961 reputatum.

165 2971 419 3025 -12.ctterioccstrie,
430 2972 440 3011 t
450 2971 470 3011 la
480 2978 501 3013 2·
512 2972 587 3025 etape3

166 3043 214 3084 noy.
235 3035 293 3075 Dico.
307 3034 377 3086 Hiet,
397 3032 416 3074 le
428 3036 472 3073 mot
487 3042 587 3075 casana.

167 3114 195 3123 -
207 3097 238 3135 tt.
248 3095 320 3145 leoco,
331 3106 379 3148 roy.
391 3094 456 3137 Rem.
470 3094 546 3136 7b.-
555 3098 587 3137 m.

163 3154 283 3196 'interiore
301 3158 425 3199 incoctum.
442 3156 501 3210 Voy.
520 3157 587 3199 Rem.

169 3220 206 3267 ⁵⁰3
217 3214 503 3269 partntmcrcmoottocm
516 3224 590 3260 enten-

640 2788 677 2829 dez
686 2788 750 2841 Pete
758 2787 835 2840 Syrte
839 2787 935 2842 Ciliciae,
944 2802 972 2831 au
980 2791 1007 2834 S.
1016 2793 1075 2836 d'is-

640 2862 684 2892 sus.
705 2872 733 2882 -
754 2855 787 2892 15.
800 2853 936 2894 utrumne...
958 2864 1001 2904 cn,
1018 2866 1073 2910 roy.

641 2912 704 2953 fleon.
722 2916 768 2955 166.
785 2934 811 2941 -
827 2916 860 2953 ¹6.
876 2913 940 2964 novt,
965 2926 1015 2969 roy.
1033 2918 1074 2971 nr,

641 2984 656 3022 1,
675 2980 693 3015 t.
718 2996 745 3003 -
772 2980 803 3017 17.
815 2972 1003 3029 multitudinem,
1026 2991 1075 3023 une

642 3035 731 3087 pronde
744 3034 865 3078 multitude.
875 3059 903 3068 -
916 3042 948 3080 m.
957 3040 1074 3095 ancipiti,

643 3105 690 3148 roy.
701 3095 763 3137 Rem.
772 3103 797 3139 28
805 3097 896 3140 b.-19.
908 3098 1000 3152 timere,
1009 3112 1077 3144 sous·

643 3158 734 3199 entendu
743 3169 767 3197 se
776 3169 840 3211 ‚·voy.
848 3158 912 3200 aen.
920 3165 953 3203 tt.
959 3163 1078 3206 40.ιή-

642 3223 676 3260 ter
688 3218 817 3271 caecutias,
833 3231 888 3273 pour
899 3220 927 3262 tn
937 3226 1077 3279 aequoria..
