<?xml version="1.0" encoding="UTF-8"?>
<!DOCTYPE html PUBLIC "-//W3C//DTD XHTML 1.0 Transitional//EN"
    "http://www.w3.org/TR/xhtml1/DTD/xhtml1-transitional.dtd">
<html xmlns="http://www.w3.org/1999/xhtml" xml:lang="en" lang="en">
 <head>
  <title>
</title>
<meta http-equiv="Content-Type" content="text/html;charset=utf-8" />
  <meta name='ocr-system' content='tesseract 3.04.00' />
  <meta name='ocr-capabilities' content='ocr_page ocr_carea ocr_par ocr_line ocrx_word'/>
</head>
<body>
  <div class='ocr_page' id='page_1' title='image "./qcurtiirufihist00vogegoog_0027.png"; bbox 0 0 2317 3500; ppageno 0'>
   <div class='ocr_carea' id='block_1_1' title="bbox 104 261 993 346">
    <p class='ocr_par' dir='ltr' id='par_1_1' title="bbox 104 261 993 346">
     <span class='ocr_line' id='line_1_1' title="bbox 104 261 993 346; baseline -0.006 -22"><span class='ocrx_word' id='word_1_1' title='bbox 104 261 216 346; x_wconf 82' lang='lat' dir='ltr'>[rnrur.</span> <span class='ocrx_word' id='word_1_2' title='bbox 235 261 304 346; x_wconf 86' lang='lat'><strong>333]</strong></span> <span class='ocrx_word' id='word_1_3' title='bbox 464 283 558 338; x_wconf 74' lang='lat' dir='ltr'>arena</span> <span class='ocrx_word' id='word_1_4' title='bbox 580 281 626 324; x_wconf 87' lang='lat'>111.</span> <span class='ocrx_word' id='word_1_5' title='bbox 976 265 993 319; x_wconf 85' lang='lat'>9</span> 
     </span>
    </p>
   </div>
   <div class='ocr_carea' id='block_1_2' title="bbox 33 394 1056 3187">
    <p class='ocr_par' dir='ltr' id='par_1_2' title="bbox 33 394 996 1263">
     <span class='ocr_line' id='line_1_2' title="bbox 135 394 993 470; baseline -0.006 -18"><span class='ocrx_word' id='word_1_6' title='bbox 135 396 186 470; x_wconf 87' lang='lat' dir='ltr'>[ll]</span> <span class='ocrx_word' id='word_1_7' title='bbox 211 395 335 468; x_wconf 82' lang='lat' dir='ltr'>Phrygia</span> <span class='ocrx_word' id='word_1_8' title='bbox 357 400 459 465; x_wconf 80' lang='lat' dir='ltr'>erat¹⁶,</span> <span class='ocrx_word' id='word_1_9' title='bbox 482 413 532 466; x_wconf 89' lang='lat' dir='ltr'>per</span> <span class='ocrx_word' id='word_1_10' title='bbox 556 411 643 466; x_wconf 87' lang='lat' dir='ltr'>quam</span> <span class='ocrx_word' id='word_1_11' title='bbox 664 394 818 450; x_wconf 78' lang='lat' dir='ltr'><strong>ducebatur</strong></span> <span class='ocrx_word' id='word_1_12' title='bbox 842 394 993 461; x_wconf 84' lang='lat' dir='ltr'>exercitus,</span> 
     </span>
     <span class='ocr_line' id='line_1_3' title="bbox 100 481 995 557; baseline -0.002 -18"><span class='ocrx_word' id='word_1_13' title='bbox 100 484 227 557; x_wconf 88' lang='lat' dir='ltr'>pluribus</span> <span class='ocrx_word' id='word_1_14' title='bbox 241 483 309 539; x_wconf 90' lang='lat' dir='ltr'>vicis</span> <span class='ocrx_word' id='word_1_15' title='bbox 324 501 407 556; x_wconf 88' lang='lat' dir='ltr'>quam</span> <span class='ocrx_word' id='word_1_16' title='bbox 422 484 542 540; x_wconf 89' lang='lat' dir='ltr'>urbibus</span> <span class='ocrx_word' id='word_1_17' title='bbox 557 484 700 554; x_wconf 80' lang='lat' dir='ltr'><strong>frequens.</strong></span> <span class='ocrx_word' id='word_1_18' title='bbox 710 482 764 554; x_wconf 73' lang='grc' dir='ltr'>[Ιῖ]</span> <span class='ocrx_word' id='word_1_19' title='bbox 781 483 858 538; x_wconf 83' lang='lat' dir='ltr'>l‘unc</span> <span class='ocrx_word' id='word_1_20' title='bbox 872 481 995 538; x_wconf 88' lang='lat' dir='ltr'>habebat</span> 
     </span>
     <span class='ocr_line' id='line_1_4' title="bbox 78 571 995 645; baseline 0 -19"><span class='ocrx_word' id='word_1_21' title='bbox 78 623 80 626; x_wconf 86' lang='lat'>.</span> <span class='ocrx_word' id='word_1_22' title='bbox 99 572 221 628; x_wconf 90' lang='lat' dir='ltr'>nobilem</span> <span class='ocrx_word' id='word_1_23' title='bbox 236 575 376 644; x_wconf 89' lang='lat' dir='ltr'>quondam</span> <span class='ocrx_word' id='word_1_24' title='bbox 389 573 470 629; x_wconf 89' lang='lat' dir='ltr'>Midae</span> <span class='ocrx_word' id='word_1_25' title='bbox 482 572 593 645; x_wconf 83' lang='lat' dir='ltr'>regiam</span> <span class='ocrx_word' id='word_1_26' title='bbox 601 577 633 626; x_wconf 74' lang='lat'>¹².</span> <span class='ocrx_word' id='word_1_27' title='bbox 650 571 785 627; x_wconf 87' lang='lat' dir='ltr'>Gordium</span> <span class='ocrx_word' id='word_1_28' title='bbox 799 589 902 627; x_wconf 90' lang='lat' dir='ltr'>nomen</span> <span class='ocrx_word' id='word_1_29' title='bbox 913 576 937 610; x_wconf 81' lang='lat'>¹⁸</span> <span class='ocrx_word' id='word_1_30' title='bbox 950 574 995 627; x_wconf 89' lang='lat' dir='ltr'>est</span> 
     </span>
     <span class='ocr_line' id='line_1_5' title="bbox 33 660 994 734; baseline -0.005 -16"><span class='ocrx_word' id='word_1_31' title='bbox 33 713 36 718; x_wconf 88' lang='lat'><em>.</em></span> <span class='ocrx_word' id='word_1_32' title='bbox 99 662 172 730; x_wconf 89' lang='lat' dir='ltr'>urbi,</span> <span class='ocrx_word' id='word_1_33' title='bbox 188 677 273 733; x_wconf 91' lang='lat' dir='ltr'>quam</span> <span class='ocrx_word' id='word_1_34' title='bbox 293 661 448 734; x_wconf 84' lang='lat' dir='ltr'>Sangarius</span> <span class='ocrx_word' id='word_1_35' title='bbox 462 661 556 716; x_wconf 88' lang='lat' dir='ltr'>amnis</span> <span class='ocrx_word' id='word_1_36' title='bbox 574 660 749 732; x_wconf 83' lang='lat' dir='ltr'>praeterlluit,</span> <span class='ocrx_word' id='word_1_37' title='bbox 769 660 830 732; x_wconf 88' lang='lat' dir='ltr'>pari</span> <span class='ocrx_word' id='word_1_38' title='bbox 845 661 994 716; x_wconf 85' lang='lat' dir='ltr'>intervallo</span> 
     </span>
     <span class='ocr_line' id='line_1_6' title="bbox 100 748 996 821; baseline -0.004 -15"><span class='ocrx_word' id='word_1_39' title='bbox 100 751 215 806; x_wconf 89' lang='lat' dir='ltr'>Pontico</span> <span class='ocrx_word' id='word_1_40' title='bbox 230 753 259 806; x_wconf 92' lang='lat' dir='ltr'>et</span> <span class='ocrx_word' id='word_1_41' title='bbox 278 749 373 807; x_wconf 89' lang='lat' dir='ltr'>Cilicio</span> <span class='ocrx_word' id='word_1_42' title='bbox 391 751 463 807; x_wconf 91' lang='lat' dir='ltr'>mari</span> <span class='ocrx_word' id='word_1_43' title='bbox 479 750 642 807; x_wconf 88' lang='lat' dir='ltr'>distantem.</span> <span class='ocrx_word' id='word_1_44' title='bbox 665 749 716 821; x_wconf 79' lang='lat'><strong>[13]</strong></span> <span class='ocrx_word' id='word_1_45' title='bbox 738 748 816 804; x_wconf 90' lang='lat' dir='ltr'>luter</span> <span class='ocrx_word' id='word_1_46' title='bbox 832 751 891 804; x_wconf 82' lang='lat' dir='ltr'>haec</span> <span class='ocrx_word' id='word_1_47' title='bbox 905 748 996 804; x_wconf 88' lang='lat' dir='ltr'>maria</span> 
     </span>
     <span class='ocr_line' id='line_1_7' title="bbox 99 838 996 911; baseline 0.002 -19"><span class='ocrx_word' id='word_1_48' title='bbox 99 838 329 908; x_wconf 77' lang='lat' dir='ltr'>angustissimum</span> <span class='ocrx_word' id='word_1_49' title='bbox 347 839 419 895; x_wconf 74' lang='lat' dir='ltr'>Asiae</span> <span class='ocrx_word' id='word_1_50' title='bbox 431 839 553 911; x_wconf 88' lang='lat' dir='ltr'>spatium</span> <span class='ocrx_word' id='word_1_51' title='bbox 575 856 637 895; x_wconf 89' lang='lat' dir='ltr'>esse</span> <span class='ocrx_word' id='word_1_52' title='bbox 657 838 857 910; x_wconf 79' lang='lat' dir='ltr'>comperimus,</span> <span class='ocrx_word' id='word_1_53' title='bbox 874 842 996 909; x_wconf 87' lang='lat' dir='ltr'>utroque</span> 
     </span>
     <span class='ocr_line' id='line_1_8' title="bbox 100 926 995 1000; baseline 0.002 -20"><span class='ocrx_word' id='word_1_54' title='bbox 100 926 127 980; x_wconf 94' lang='lat' dir='ltr'>in</span> <span class='ocrx_word' id='word_1_55' title='bbox 146 931 251 982; x_wconf 66' lang='lat' dir='ltr'>artasu</span> <span class='ocrx_word' id='word_1_56' title='bbox 270 928 363 984; x_wconf 78' lang='lat' dir='ltr'>fauces</span> <span class='ocrx_word' id='word_1_57' title='bbox 377 929 562 999; x_wconf 89' lang='lat' dir='ltr'>compellente</span> <span class='ocrx_word' id='word_1_58' title='bbox 581 932 698 983; x_wconf 90' lang='lat' dir='ltr'>terram.</span> <span class='ocrx_word' id='word_1_59' title='bbox 718 927 798 992; x_wconf 84' lang='lat' dir='ltr'>Quae,</span> <span class='ocrx_word' id='word_1_60' title='bbox 818 926 885 1000; x_wconf 90' lang='lat' dir='ltr'>quia</span> <span class='ocrx_word' id='word_1_61' title='bbox 902 928 995 982; x_wconf 89' lang='lat' dir='ltr'>eonti-</span> 
     </span>
     <span class='ocr_line' id='line_1_9' title="bbox 99 1015 993 1088; baseline 0.002 -20"><span class='ocrx_word' id='word_1_62' title='bbox 99 1015 176 1070; x_wconf 92' lang='lat' dir='ltr'>nenti</span> <span class='ocrx_word' id='word_1_63' title='bbox 196 1016 327 1083; x_wconf 86' lang='lat' dir='ltr'>adhaeret,</span> <span class='ocrx_word' id='word_1_64' title='bbox 349 1018 399 1072; x_wconf 84' lang='lat' dir='ltr'>sed</span> <span class='ocrx_word' id='word_1_65' title='bbox 419 1033 525 1088; x_wconf 84' lang='lat' dir='ltr'>magna</span> <span class='ocrx_word' id='word_1_66' title='bbox 548 1033 580 1071; x_wconf 88' lang='lat' dir='ltr'>ex</span> <span class='ocrx_word' id='word_1_67' title='bbox 603 1021 682 1087; x_wconf 90' lang='lat' dir='ltr'>parte</span> <span class='ocrx_word' id='word_1_68' title='bbox 703 1016 828 1088; x_wconf 83' lang='lat' dir='ltr'>cingitur</span> <span class='ocrx_word' id='word_1_69' title='bbox 850 1015 993 1085; x_wconf 85' lang='lat' dir='ltr'>fluetibus,</span> 
     </span>
     <span class='ocr_line' id='line_1_10' title="bbox 99 1103 993 1175; baseline 0.002 -18"><span class='ocrx_word' id='word_1_70' title='bbox 99 1103 218 1174; x_wconf 87' lang='lat' dir='ltr'>speciem</span> <span class='ocrx_word' id='word_1_71' title='bbox 238 1103 335 1159; x_wconf 85' lang='lat' dir='ltr'>insulae</span> <span class='ocrx_word' id='word_1_72' title='bbox 354 1105 469 1175; x_wconf 85' lang='lat' dir='ltr'>praehet,</span> <span class='ocrx_word' id='word_1_73' title='bbox 491 1119 532 1173; x_wconf 85' lang='lat' dir='ltr'>ae,</span> <span class='ocrx_word' id='word_1_74' title='bbox 552 1103 606 1158; x_wconf 88' lang='lat' dir='ltr'>nisi</span> <span class='ocrx_word' id='word_1_75' title='bbox 621 1108 706 1158; x_wconf 89' lang='lat' dir='ltr'>tenue</span> <span class='ocrx_word' id='word_1_76' title='bbox 724 1103 874 1158; x_wconf 79' lang='lat' dir='ltr'>discrimen</span> <span class='ocrx_word' id='word_1_77' title='bbox 892 1104 993 1175; x_wconf 90' lang='lat' dir='ltr'>objice-</span> 
     </span>
     <span class='ocr_line' id='line_1_11' title="bbox 99 1191 792 1263; baseline -0.001 -17"><span class='ocrx_word' id='word_1_78' title='bbox 99 1195 152 1260; x_wconf 88' lang='lat' dir='ltr'>ret,</span> <span class='ocrx_word' id='word_1_79' title='bbox 168 1209 230 1263; x_wconf 89' lang='lat' dir='ltr'>quae</span> <span class='ocrx_word' id='word_1_80' title='bbox 244 1209 319 1247; x_wconf 90' lang='lat' dir='ltr'>nunc</span> <span class='ocrx_word' id='word_1_81' title='bbox 332 1192 440 1261; x_wconf 85' lang='lat' dir='ltr'>dividit,</span> <span class='ocrx_word' id='word_1_82' title='bbox 455 1192 545 1248; x_wconf 90' lang='lat' dir='ltr'>maria</span> <span class='ocrx_word' id='word_1_83' title='bbox 560 1191 750 1247; x_wconf 90' lang='lat' dir='ltr'>committeret</span> <span class='ocrx_word' id='word_1_84' title='bbox 759 1195 792 1244; x_wconf 77' lang='lat'>¹⁰.</span> 
     </span>
    </p>

    <p class='ocr_par' dir='ltr' id='par_1_3' title="bbox 96 1278 1056 2063">
     <span class='ocr_line' id='line_1_12' title="bbox 136 1278 996 1351; baseline 0.002 -19"><span class='ocrx_word' id='word_1_85' title='bbox 136 1278 188 1351; x_wconf 75' lang='lat' dir='ltr'>[ll]</span> <span class='ocrx_word' id='word_1_86' title='bbox 199 1280 362 1348; x_wconf 82' lang='lat' dir='ltr'>Alexander,</span> <span class='ocrx_word' id='word_1_87' title='bbox 376 1281 446 1335; x_wconf 90' lang='lat' dir='ltr'>urhe</span> <span class='ocrx_word' id='word_1_88' title='bbox 460 1279 489 1335; x_wconf 92' lang='lat' dir='ltr'>in</span> <span class='ocrx_word' id='word_1_89' title='bbox 504 1279 670 1336; x_wconf 79' lang='lat' dir='ltr'>dicionem²¹</span> <span class='ocrx_word' id='word_1_90' title='bbox 684 1295 766 1335; x_wconf 90' lang='lat' dir='ltr'>suam</span> <span class='ocrx_word' id='word_1_91' title='bbox 778 1280 900 1349; x_wconf 87' lang='lat' dir='ltr'>redacta,</span> <span class='ocrx_word' id='word_1_92' title='bbox 916 1278 996 1335; x_wconf 85' lang='lat' dir='ltr'>Jovis</span> 
     </span>
     <span class='ocr_line' id='line_1_13' title="bbox 99 1367 994 1442; baseline 0 -20"><span class='ocrx_word' id='word_1_93' title='bbox 99 1368 236 1437; x_wconf 91' lang='lat' dir='ltr'>templum</span> <span class='ocrx_word' id='word_1_94' title='bbox 251 1367 346 1424; x_wconf 89' lang='lat' dir='ltr'>intrat.</span> <span class='ocrx_word' id='word_1_95' title='bbox 366 1369 541 1439; x_wconf 80' lang='lat' dir='ltr'>Vehiculum,</span> <span class='ocrx_word' id='word_1_96' title='bbox 551 1385 607 1442; x_wconf 88' lang='lat' dir='ltr'>quo</span> <span class='ocrx_word' id='word_1_97' title='bbox 619 1369 765 1438; x_wconf 85' lang='lat' dir='ltr'>Gordium,</span> <span class='ocrx_word' id='word_1_98' title='bbox 777 1368 859 1424; x_wconf 86' lang='lat' dir='ltr'>Midae</span> <span class='ocrx_word' id='word_1_99' title='bbox 873 1372 994 1439; x_wconf 91' lang='lat' dir='ltr'>patrem,</span> 
     </span>
     <span class='ocr_line' id='line_1_14' title="bbox 99 1457 997 1530; baseline 0.001 -19"><span class='ocrx_word' id='word_1_100' title='bbox 99 1459 211 1511; x_wconf 86' lang='lat' dir='ltr'>vectum</span> <span class='ocrx_word' id='word_1_101' title='bbox 230 1472 291 1512; x_wconf 89' lang='lat' dir='ltr'>esse</span> <span class='ocrx_word' id='word_1_102' title='bbox 310 1458 466 1528; x_wconf 81' lang='lat' dir='ltr'>constabat,</span> <span class='ocrx_word' id='word_1_103' title='bbox 487 1457 597 1530; x_wconf 85' lang='lat' dir='ltr'>aspexit</span> <span class='ocrx_word' id='word_1_104' title='bbox 605 1463 638 1526; x_wconf 75' lang='lat'>²²,</span> <span class='ocrx_word' id='word_1_105' title='bbox 660 1461 738 1513; x_wconf 90' lang='lat' dir='ltr'>cultu</span> <span class='ocrx_word' id='word_1_106' title='bbox 748 1459 772 1493; x_wconf 76' lang='lat'>¹⁵</span> <span class='ocrx_word' id='word_1_107' title='bbox 791 1459 865 1514; x_wconf 91' lang='lat' dir='ltr'>haud</span> <span class='ocrx_word' id='word_1_108' title='bbox 886 1475 954 1514; x_wconf 88' lang='lat' dir='ltr'>sane</span> <span class='ocrx_word' id='word_1_109' title='bbox 980 1475 997 1512; x_wconf 91' lang='lat' dir='ltr'>a</span> 
     </span>
     <span class='ocr_line' id='line_1_15' title="bbox 99 1543 1056 1619; baseline 0.004 -21"><span class='ocrx_word' id='word_1_110' title='bbox 99 1543 247 1599; x_wconf 86' lang='lat' dir='ltr'>vilioribus</span> <span class='ocrx_word' id='word_1_111' title='bbox 264 1545 442 1618; x_wconf 80' lang='lat' dir='ltr'>vulgatisque</span> <span class='ocrx_word' id='word_1_112' title='bbox 459 1563 513 1602; x_wconf 90' lang='lat' dir='ltr'>usu</span> <span class='ocrx_word' id='word_1_113' title='bbox 530 1548 695 1603; x_wconf 88' lang='lat' dir='ltr'>abhorrens.</span> <span class='ocrx_word' id='word_1_114' title='bbox 717 1546 769 1619; x_wconf 73' lang='lat'>[15]</span> <span class='ocrx_word' id='word_1_115' title='bbox 788 1547 919 1602; x_wconf 90' lang='lat' dir='ltr'>Notabile</span> <span class='ocrx_word' id='word_1_116' title='bbox 935 1549 997 1602; x_wconf 85' lang='lat' dir='ltr'>erat</span> <span class='ocrx_word' id='word_1_117' title='bbox 1053 1612 1056 1617; x_wconf 16' lang='grc' dir='ltr'><strong>Δ</strong></span> 
     </span>
     <span class='ocr_line' id='line_1_16' title="bbox 96 1631 997 1706; baseline 0.002 -20"><span class='ocrx_word' id='word_1_118' title='bbox 96 1631 389 1704; x_wconf 86' lang='lat' dir='ltr'>jugum‚·adstrietum</span> <span class='ocrx_word' id='word_1_119' title='bbox 403 1635 596 1706; x_wconf 87' lang='lat' dir='ltr'>compluribus</span> <span class='ocrx_word' id='word_1_120' title='bbox 614 1635 696 1690; x_wconf 89' lang='lat' dir='ltr'>nodis</span> <span class='ocrx_word' id='word_1_121' title='bbox 709 1635 738 1690; x_wconf 91' lang='lat' dir='ltr'>in</span> <span class='ocrx_word' id='word_1_122' title='bbox 755 1635 923 1706; x_wconf 87' lang='lat' dir='ltr'>semetipsos</span> <span class='ocrx_word' id='word_1_123' title='bbox 940 1635 997 1688; x_wconf 92' lang='lat' dir='ltr'>im-</span> 
     </span>
     <span class='ocr_line' id='line_1_17' title="bbox 98 1720 996 1795; baseline 0.003 -21"><span class='ocrx_word' id='word_1_124' title='bbox 98 1720 208 1792; x_wconf 89' lang='lat' dir='ltr'>plicatis</span> <span class='ocrx_word' id='word_1_125' title='bbox 223 1726 252 1777; x_wconf 89' lang='lat' dir='ltr'>et</span> <span class='ocrx_word' id='word_1_126' title='bbox 263 1722 419 1779; x_wconf 74' lang='lat' dir='ltr'>celantibus</span> <span class='ocrx_word' id='word_1_127' title='bbox 433 1740 531 1782; x_wconf 88' lang='lat' dir='ltr'>nexus.</span> <span class='ocrx_word' id='word_1_128' title='bbox 546 1723 598 1795; x_wconf 79' lang='lat'>[16]</span> <span class='ocrx_word' id='word_1_129' title='bbox 616 1722 718 1779; x_wconf 89' lang='lat' dir='ltr'>Incolis</span> <span class='ocrx_word' id='word_1_130' title='bbox 733 1722 835 1779; x_wconf 91' lang='lat' dir='ltr'>deinde</span> <span class='ocrx_word' id='word_1_131' title='bbox 845 1723 996 1779; x_wconf 85' lang='lat' dir='ltr'>adfirman-</span> 
     </span>
     <span class='ocr_line' id='line_1_18' title="bbox 100 1810 1022 1880; baseline 0.001 -16"><span class='ocrx_word' id='word_1_132' title='bbox 100 1810 175 1865; x_wconf 81' lang='lat' dir='ltr'>tibus</span> <span class='ocrx_word' id='word_1_133' title='bbox 195 1811 298 1866; x_wconf 91' lang='lat' dir='ltr'>editam</span> <span class='ocrx_word' id='word_1_134' title='bbox 317 1828 385 1869; x_wconf 86' lang='lat' dir='ltr'>esse</span> <span class='ocrx_word' id='word_1_135' title='bbox 408 1815 523 1868; x_wconf 87' lang='lat' dir='ltr'>oraculo</span> <span class='ocrx_word' id='word_1_136' title='bbox 548 1817 695 1880; x_wconf 76' lang='lat' dir='ltr'>sortem²⁴,</span> <span class='ocrx_word' id='word_1_137' title='bbox 718 1811 790 1865; x_wconf 83' lang='lat' dir='ltr'>Asiae</span> <span class='ocrx_word' id='word_1_138' title='bbox 806 1812 998 1880; x_wconf 76' lang='lat' dir='ltr'>potiturum²⁸</span> <span class='ocrx_word' id='word_1_139' title='bbox 1019 1843 1022 1847; x_wconf 93' lang='lat'><em>-</em></span> 
     </span>
     <span class='ocr_line' id='line_1_19' title="bbox 100 1898 999 1969; baseline -0.002 -16"><span class='ocrx_word' id='word_1_140' title='bbox 100 1899 147 1969; x_wconf 92' lang='lat' dir='ltr'>qui</span> <span class='ocrx_word' id='word_1_141' title='bbox 177 1898 367 1969; x_wconf 83' lang='lat' dir='ltr'>inexplicabile</span> <span class='ocrx_word' id='word_1_142' title='bbox 401 1900 547 1956; x_wconf 89' lang='lat' dir='ltr'>vinculum</span> <span class='ocrx_word' id='word_1_143' title='bbox 580 1898 722 1960; x_wconf 88' lang='lat' dir='ltr'>solvisset,</span> <span class='ocrx_word' id='word_1_144' title='bbox 750 1898 851 1967; x_wconf 87' lang='lat' dir='ltr'>cupido</span> <span class='ocrx_word' id='word_1_145' title='bbox 883 1898 999 1952; x_wconf 90' lang='lat' dir='ltr'>incessit</span> 
     </span>
     <span class='ocr_line' id='line_1_20' title="bbox 101 1987 865 2063; baseline 0 -22"><span class='ocrx_word' id='word_1_146' title='bbox 101 1987 196 2042; x_wconf 88' lang='lat' dir='ltr'>animo</span> <span class='ocrx_word' id='word_1_147' title='bbox 208 1987 292 2043; x_wconf 90' lang='lat' dir='ltr'>sortis</span> <span class='ocrx_word' id='word_1_148' title='bbox 306 1988 367 2060; x_wconf 84' lang='lat' dir='ltr'>ejus</span> <span class='ocrx_word' id='word_1_149' title='bbox 381 1988 535 2061; x_wconf 84' lang='lat' dir='ltr'>explendae.</span> <span class='ocrx_word' id='word_1_150' title='bbox 860 2054 865 2063; x_wconf 31' lang='grc' dir='ltr'><strong><em>Ι</em></strong></span> 
     </span>
    </p>

    <p class='ocr_par' dir='ltr' id='par_1_4' title="bbox 99 2073 999 3187">
     <span class='ocr_line' id='line_1_21' title="bbox 136 2073 998 2147; baseline 0.003 -19"><span class='ocrx_word' id='word_1_151' title='bbox 136 2074 191 2147; x_wconf 87' lang='grc'>[17]</span> <span class='ocrx_word' id='word_1_152' title='bbox 212 2073 291 2130; x_wconf 88' lang='lat' dir='ltr'>Circa</span> <span class='ocrx_word' id='word_1_153' title='bbox 311 2092 407 2147; x_wconf 79' lang='lat' dir='ltr'>regem</span> <span class='ocrx_word' id='word_1_154' title='bbox 428 2078 491 2132; x_wconf 92' lang='lat' dir='ltr'>erat</span> <span class='ocrx_word' id='word_1_155' title='bbox 507 2078 536 2131; x_wconf 91' lang='lat' dir='ltr'>et</span> <span class='ocrx_word' id='word_1_156' title='bbox 555 2073 700 2147; x_wconf 84' lang='lat' dir='ltr'>Phrygum</span> <span class='ocrx_word' id='word_1_157' title='bbox 723 2075 807 2131; x_wconf 89' lang='lat' dir='ltr'>turba</span> <span class='ocrx_word' id='word_1_158' title='bbox 825 2078 855 2131; x_wconf 85' lang='lat' dir='ltr'>et</span> <span class='ocrx_word' id='word_1_159' title='bbox 869 2074 998 2132; x_wconf 88' lang='lat' dir='ltr'>Macedo-</span> 
     </span>
     <span class='ocr_line' id='line_1_22' title="bbox 100 2162 996 2235; baseline 0.004 -18"><span class='ocrx_word' id='word_1_160' title='bbox 100 2179 181 2231; x_wconf 89' lang='lat' dir='ltr'>num,</span> <span class='ocrx_word' id='word_1_161' title='bbox 195 2162 244 2217; x_wconf 88' lang='lat' dir='ltr'>illa</span> <span class='ocrx_word' id='word_1_162' title='bbox 257 2164 461 2235; x_wconf 71' lang='lat' dir='ltr'>exspectatione</span> <span class='ocrx_word' id='word_1_163' title='bbox 475 2179 624 2234; x_wconf 86' lang='lat' dir='ltr'>suspensa,</span> <span class='ocrx_word' id='word_1_164' title='bbox 634 2164 694 2219; x_wconf 86' lang='lat' dir='ltr'>haee</span> <span class='ocrx_word' id='word_1_165' title='bbox 704 2164 826 2220; x_wconf 88' lang='lat' dir='ltr'>sollicita</span> <span class='ocrx_word' id='word_1_166' title='bbox 839 2168 996 2221; x_wconf 76' lang='lat' dir='ltr'>ex²⁶teme</span> 
     </span>
     <span class='ocr_line' id='line_1_23' title="bbox 100 2251 995 2324; baseline 0.007 -18"><span class='ocrx_word' id='word_1_167' title='bbox 100 2252 177 2307; x_wconf 89' lang='lat' dir='ltr'>raria</span> <span class='ocrx_word' id='word_1_168' title='bbox 188 2252 264 2323; x_wconf 81' lang='lat' dir='ltr'>regis</span> <span class='ocrx_word' id='word_1_169' title='bbox 276 2252 375 2307; x_wconf 83' lang='lat' dir='ltr'>fiducia</span> <span class='ocrx_word' id='word_1_170' title='bbox 385 2272 391 2305; x_wconf 91' lang='lat'>:</span> <span class='ocrx_word' id='word_1_171' title='bbox 401 2253 514 2324; x_wconf 85' lang='lat' dir='ltr'>quippe,</span> <span class='ocrx_word' id='word_1_172' title='bbox 524 2251 598 2308; x_wconf 88' lang='lat' dir='ltr'>serie</span> <span class='ocrx_word' id='word_1_173' title='bbox 611 2252 789 2309; x_wconf 89' lang='lat' dir='ltr'>vinculorum</span> <span class='ocrx_word' id='word_1_174' title='bbox 799 2254 838 2309; x_wconf 90' lang='lat' dir='ltr'>ita</span> <span class='ocrx_word' id='word_1_175' title='bbox 850 2255 995 2324; x_wconf 88' lang='lat' dir='ltr'>adstricta,</span> 
     </span>
     <span class='ocr_line' id='line_1_24' title="bbox 101 2339 996 2412; baseline 0.006 -19"><span class='ocrx_word' id='word_1_176' title='bbox 101 2343 142 2408; x_wconf 89' lang='lat' dir='ltr'>ut,</span> <span class='ocrx_word' id='word_1_177' title='bbox 166 2339 240 2394; x_wconf 92' lang='lat' dir='ltr'>unde</span> <span class='ocrx_word' id='word_1_178' title='bbox 254 2356 339 2395; x_wconf 84' lang='lat' dir='ltr'>nexus</span> <span class='ocrx_word' id='word_1_179' title='bbox 358 2340 494 2412; x_wconf 87' lang='lat' dir='ltr'>inciperet</span> <span class='ocrx_word' id='word_1_180' title='bbox 512 2357 605 2411; x_wconf 91' lang='lat' dir='ltr'>quove</span> <span class='ocrx_word' id='word_1_181' title='bbox 619 2357 649 2397; x_wconf 91' lang='lat' dir='ltr'>se</span> <span class='ocrx_word' id='word_1_182' title='bbox 662 2341 805 2410; x_wconf 87' lang='lat' dir='ltr'>conderet,</span> <span class='ocrx_word' id='word_1_183' title='bbox 822 2358 873 2397; x_wconf 90' lang='lat' dir='ltr'>uec</span> <span class='ocrx_word' id='word_1_184' title='bbox 887 2343 996 2398; x_wconf 85' lang='lat' dir='ltr'>rationo</span> 
     </span>
     <span class='ocr_line' id='line_1_25' title="bbox 99 2426 998 2503; baseline 0.008 -22"><span class='ocrx_word' id='word_1_185' title='bbox 99 2443 152 2481; x_wconf 88' lang='lat' dir='ltr'>nee</span> <span class='ocrx_word' id='word_1_186' title='bbox 170 2426 233 2482; x_wconf 84' lang='lat' dir='ltr'>visu</span> <span class='ocrx_word' id='word_1_187' title='bbox 251 2428 368 2499; x_wconf 90' lang='lat' dir='ltr'>perspici</span> <span class='ocrx_word' id='word_1_188' title='bbox 383 2432 489 2499; x_wconf 85' lang='lat' dir='ltr'>posset,</span> <span class='ocrx_word' id='word_1_189' title='bbox 505 2430 615 2485; x_wconf 83' lang='lat' dir='ltr'>solvere</span> <span class='ocrx_word' id='word_1_190' title='bbox 629 2446 785 2501; x_wconf 83' lang='lat' dir='ltr'>aggressus</span> <span class='ocrx_word' id='word_1_191' title='bbox 799 2430 934 2503; x_wconf 87' lang='lat' dir='ltr'>injecerat</span> <span class='ocrx_word' id='word_1_192' title='bbox 948 2449 998 2487; x_wconf 89' lang='lat' dir='ltr'>cu-</span> 
     </span>
     <span class='ocr_line' id='line_1_26' title="bbox 99 2515 995 2591; baseline 0.009 -23"><span class='ocrx_word' id='word_1_193' title='bbox 99 2530 162 2569; x_wconf 89' lang='lat' dir='ltr'>rem</span> <span class='ocrx_word' id='word_1_194' title='bbox 183 2515 235 2569; x_wconf 67' lang='lat' dir='ltr'>ei⁵²</span> <span class='ocrx_word' id='word_1_195' title='bbox 260 2532 294 2571; x_wconf 89' lang='lat' dir='ltr'>ne</span> <span class='ocrx_word' id='word_1_196' title='bbox 318 2516 346 2571; x_wconf 90' lang='lat' dir='ltr'>in</span> <span class='ocrx_word' id='word_1_197' title='bbox 374 2521 492 2573; x_wconf 79' lang='lat' dir='ltr'>omen²⁸</span> <span class='ocrx_word' id='word_1_198' title='bbox 513 2520 674 2573; x_wconf 88' lang='lat' dir='ltr'>verteretur</span> <span class='ocrx_word' id='word_1_199' title='bbox 699 2518 813 2574; x_wconf 90' lang='lat' dir='ltr'>irritum</span> <span class='ocrx_word' id='word_1_200' title='bbox 842 2519 995 2591; x_wconf 87' lang='lat' dir='ltr'>inceptum.</span> 
     </span>
     <span class='ocr_line' id='line_1_27' title="bbox 102 2600 997 2676; baseline 0.008 -19"><span class='ocrx_word' id='word_1_201' title='bbox 102 2602 156 2675; x_wconf 82' lang='lat'>[18]</span> <span class='ocrx_word' id='word_1_202' title='bbox 178 2600 237 2667; x_wconf 89' lang='lat' dir='ltr'>Ille,</span> <span class='ocrx_word' id='word_1_203' title='bbox 258 2620 434 2676; x_wconf 88' lang='lat' dir='ltr'>nequaquam</span> <span class='ocrx_word' id='word_1_204' title='bbox 455 2606 504 2661; x_wconf 92' lang='lat' dir='ltr'>diu</span> <span class='ocrx_word' id='word_1_205' title='bbox 522 2606 644 2662; x_wconf 85' lang='lat' dir='ltr'>luctatus</span> <span class='ocrx_word' id='word_1_206' title='bbox 663 2609 758 2662; x_wconf 75' lang='lat' dir='ltr'>eum”</span> <span class='ocrx_word' id='word_1_207' title='bbox 773 2608 926 2664; x_wconf 86' lang='lat' dir='ltr'>latentibus</span> <span class='ocrx_word' id='word_1_208' title='bbox 946 2626 997 2664; x_wconf 92' lang='lat' dir='ltr'>no-</span> 
     </span>
     <span class='ocr_line' id='line_1_28' title="bbox 100 2690 996 2767; baseline 0.007 -20"><span class='ocrx_word' id='word_1_209' title='bbox 100 2690 164 2747; x_wconf 88' lang='lat' dir='ltr'>dis:</span> <span class='ocrx_word' id='word_1_210' title='bbox 188 2711 201 2742; x_wconf 78' lang='lat' dir='ltr'>c</span> <span class='ocrx_word' id='word_1_211' title='bbox 221 2690 294 2747; x_wconf 91' lang='lat' dir='ltr'>Nihil</span> <span class='ocrx_word' id='word_1_212' title='bbox 311 2704 335 2760; x_wconf 76' lang='lat' dir='ltr'>e,</span> <span class='ocrx_word' id='word_1_213' title='bbox 351 2694 452 2765; x_wconf 88' lang='lat' dir='ltr'>inquit,</span> <span class='ocrx_word' id='word_1_214' title='bbox 472 2715 484 2747; x_wconf 77' lang='lat' dir='ltr'>e</span> <span class='ocrx_word' id='word_1_215' title='bbox 501 2694 620 2751; x_wconf 89' lang='lat' dir='ltr'>interest</span> <span class='ocrx_word' id='word_1_216' title='bbox 641 2698 782 2767; x_wconf 92' lang='lat' dir='ltr'>quomodo</span> <span class='ocrx_word' id='word_1_217' title='bbox 800 2699 948 2753; x_wconf 88' lang='lat' dir='ltr'>solvantur</span> <span class='ocrx_word' id='word_1_218' title='bbox 964 2716 996 2764; x_wconf 71' lang='grc' dir='ltr'>»ς</span> 
     </span>
     <span class='ocr_line' id='line_1_29' title="bbox 102 2824 998 2884; baseline 0.002 -17"><span class='ocrx_word' id='word_1_219' title='bbox 102 2830 134 2867; x_wconf 83' lang='lat' dir='ltr'>lo.</span> <span class='ocrx_word' id='word_1_220' title='bbox 148 2824 255 2877; x_wconf 66' lang='lat' dir='ltr'>Phr-yolo</span> <span class='ocrx_word' id='word_1_221' title='bbox 271 2830 326 2873; x_wconf 72' lang='lat' dir='ltr'>eret,</span> <span class='ocrx_word' id='word_1_222' title='bbox 346 2830 394 2867; x_wconf 86' lang='lat' dir='ltr'>tour</span> <span class='ocrx_word' id='word_1_223' title='bbox 412 2827 518 2881; x_wconf 78' lang='lat' dir='ltr'>poetique.</span> <span class='ocrx_word' id='word_1_224' title='bbox 575 2828 660 2881; x_wconf 74' lang='lat' dir='ltr'>specil,</span> <span class='ocrx_word' id='word_1_225' title='bbox 670 2842 733 2884; x_wconf 90' lang='lat' dir='ltr'>supp.</span> <span class='ocrx_word' id='word_1_226' title='bbox 748 2831 792 2880; x_wconf 80' lang='lat' dir='ltr'>iln&#39;,</span> <span class='ocrx_word' id='word_1_227' title='bbox 804 2831 832 2882; x_wconf 76' lang='lat' dir='ltr'>le,</span> <span class='ocrx_word' id='word_1_228' title='bbox 848 2830 900 2871; x_wconf 84' lang='lat' dir='ltr'>dans</span> <span class='ocrx_word' id='word_1_229' title='bbox 910 2829 929 2870; x_wconf 88' lang='lat' dir='ltr'>le</span> <span class='ocrx_word' id='word_1_230' title='bbox 944 2834 998 2871; x_wconf 83' lang='lat' dir='ltr'>tem-</span> 
     </span>
     <span class='ocr_line' id='line_1_30' title="bbox 99 2886 997 2944; baseline 0.003 -17"><span class='ocrx_word' id='word_1_231' title='bbox 99 2906 126 2915; x_wconf 83' lang='lat'><em>·</em></span> <span class='ocrx_word' id='word_1_232' title='bbox 151 2889 184 2927; x_wconf 78' lang='lat' dir='ltr'>ll.</span> <span class='ocrx_word' id='word_1_233' title='bbox 202 2888 298 2939; x_wconf 69' lang='lat' dir='ltr'>reptem,</span> <span class='ocrx_word' id='word_1_234' title='bbox 313 2886 364 2929; x_wconf 78' lang='lat' dir='ltr'>ville</span> <span class='ocrx_word' id='word_1_235' title='bbox 385 2888 454 2942; x_wconf 70' lang='lat' dir='ltr'>royale</span> <span class='ocrx_word' id='word_1_236' title='bbox 469 2888 521 2931; x_wconf 82' lang='lat' dir='ltr'>dont</span> <span class='ocrx_word' id='word_1_237' title='bbox 575 2890 616 2944; x_wconf 87' lang='lat' dir='ltr'>plo.</span> <span class='ocrx_word' id='word_1_238' title='bbox 636 2914 662 2921; x_wconf 90' lang='lat'><em>-</em></span> <span class='ocrx_word' id='word_1_239' title='bbox 675 2899 709 2935; x_wconf 79' lang='lat'>23.</span> <span class='ocrx_word' id='word_1_240' title='bbox 727 2893 801 2942; x_wconf 68' lang='lat' dir='ltr'>cubo,</span> <span class='ocrx_word' id='word_1_241' title='bbox 814 2890 930 2939; x_wconf 78' lang='lat' dir='ltr'>exterieur3</span> <span class='ocrx_word' id='word_1_242' title='bbox 948 2902 997 2941; x_wconf 73' lang='lat' dir='ltr'>roy.</span> 
     </span>
     <span class='ocr_line' id='line_1_31' title="bbox 100 2946 996 2999; baseline 0.003 -13"><span class='ocrx_word' id='word_1_243' title='bbox 100 2946 194 2987; x_wconf 80' lang='lat' dir='ltr'>l&#39;auteur</span> <span class='ocrx_word' id='word_1_244' title='bbox 206 2957 231 2987; x_wconf 81' lang='lat' dir='ltr'>ra</span> <span class='ocrx_word' id='word_1_245' title='bbox 242 2946 287 2999; x_wconf 88' lang='lat' dir='ltr'>plus</span> <span class='ocrx_word' id='word_1_246' title='bbox 297 2948 340 2989; x_wconf 92' lang='lat' dir='ltr'>loin</span> <span class='ocrx_word' id='word_1_247' title='bbox 349 2948 428 2991; x_wconf 88' lang='lat' dir='ltr'>donner</span> <span class='ocrx_word' id='word_1_248' title='bbox 436 2950 455 2991; x_wconf 90' lang='lat' dir='ltr'>le</span> <span class='ocrx_word' id='word_1_249' title='bbox 463 2962 518 2991; x_wconf 93' lang='lat' dir='ltr'>nom.</span> <span class='ocrx_word' id='word_1_250' title='bbox 575 2950 638 2992; x_wconf 73' lang='lat' dir='ltr'>lton.</span> <span class='ocrx_word' id='word_1_251' title='bbox 652 2958 684 2994; x_wconf 81' lang='lat'>28.</span> <span class='ocrx_word' id='word_1_252' title='bbox 695 2975 722 2981; x_wconf 90' lang='lat'>-</span> <span class='ocrx_word' id='word_1_253' title='bbox 733 2958 766 2994; x_wconf 65' lang='grc' dir='ltr'>αἱ».</span> <span class='ocrx_word' id='word_1_254' title='bbox 777 2956 870 2998; x_wconf 75' lang='lat' dir='ltr'>sortem,</span> <span class='ocrx_word' id='word_1_255' title='bbox 879 2959 928 2999; x_wconf 73' lang='lat' dir='ltr'>roy.</span> <span class='ocrx_word' id='word_1_256' title='bbox 936 2949 996 2989; x_wconf 72' lang='lat' dir='ltr'>Dico.</span> 
     </span>
     <span class='ocr_line' id='line_1_32' title="bbox 100 3008 994 3066; baseline -0.004 -15"><span class='ocrx_word' id='word_1_257' title='bbox 100 3031 127 3039; x_wconf 95' lang='lat'>—</span> <span class='ocrx_word' id='word_1_258' title='bbox 137 3008 390 3063; x_wconf 70' lang='lat' dir='ltr'>moeretumnomen,</span> <span class='ocrx_word' id='word_1_259' title='bbox 403 3014 520 3066; x_wconf 66' lang='lat' dir='ltr'>repitent.</span> <span class='ocrx_word' id='word_1_260' title='bbox 574 3013 635 3053; x_wconf 75' lang='lat' dir='ltr'>Hier.</span> <span class='ocrx_word' id='word_1_261' title='bbox 643 3036 669 3042; x_wconf 90' lang='lat'>-</span> <span class='ocrx_word' id='word_1_262' title='bbox 682 3019 717 3054; x_wconf 82' lang='lat'>25.</span> <span class='ocrx_word' id='word_1_263' title='bbox 727 3013 866 3061; x_wconf 76' lang='lat' dir='ltr'>potiturum,</span> <span class='ocrx_word' id='word_1_264' title='bbox 875 3019 923 3059; x_wconf 77' lang='lat' dir='ltr'>voy.</span> <span class='ocrx_word' id='word_1_265' title='bbox 935 3009 994 3051; x_wconf 74' lang='lat' dir='ltr'>Rem</span> 
     </span>
     <span class='ocr_line' id='line_1_33' title="bbox 101 3064 999 3126; baseline -0.002 -12"><span class='ocrx_word' id='word_1_266' title='bbox 101 3074 222 3114; x_wconf 56' lang='grc' dir='ltr'>[ιω-19.</span> <span class='ocrx_word' id='word_1_267' title='bbox 239 3074 309 3125; x_wconf 82' lang='lat' dir='ltr'>artos,</span> <span class='ocrx_word' id='word_1_268' title='bbox 323 3064 476 3126; x_wconf 76' lang='lat' dir='ltr'>hyperbole;&#39;il</span> <span class='ocrx_word' id='word_1_269' title='bbox 487 3084 521 3126; x_wconf 77' lang='lat' dir='ltr'>ya</span> <span class='ocrx_word' id='word_1_270' title='bbox 576 3079 609 3115; x_wconf 83' lang='lat'>99.</span> <span class='ocrx_word' id='word_1_271' title='bbox 626 3079 695 3115; x_wconf 78' lang='lat'><strong>-&#39;26.</strong></span> <span class='ocrx_word' id='word_1_272' title='bbox 712 3083 741 3112; x_wconf 72' lang='lat' dir='ltr'>ec</span> <span class='ocrx_word' id='word_1_273' title='bbox 756 3079 824 3118; x_wconf 65' lang='lat' dir='ltr'>:vop</span> <span class='ocrx_word' id='word_1_274' title='bbox 836 3067 899 3108; x_wconf 82' lang='lat' dir='ltr'>Rem.</span> <span class='ocrx_word' id='word_1_275' title='bbox 913 3075 958 3111; x_wconf 74' lang='lat' dir='ltr'>tol.</span> <span class='ocrx_word' id='word_1_276' title='bbox 971 3090 999 3099; x_wconf 91' lang='lat'>—</span> 
     </span>
     <span class='ocr_line' id='line_1_34' title="bbox 100 3126 999 3187; baseline -0.004 -13"><span class='ocrx_word' id='word_1_277' title='bbox 100 3136 141 3175; x_wconf 80' lang='lat' dir='ltr'>loo</span> <span class='ocrx_word' id='word_1_278' title='bbox 154 3128 195 3172; x_wconf 81' lang='lat' dir='ltr'>kil.</span> <span class='ocrx_word' id='word_1_279' title='bbox 209 3152 235 3161; x_wconf 90' lang='lat'><em>-</em></span> <span class='ocrx_word' id='word_1_280' title='bbox 249 3139 281 3175; x_wconf 78' lang='lat' dir='ltr'>ao.</span> <span class='ocrx_word' id='word_1_281' title='bbox 298 3132 453 3187; x_wconf 77' lang='lat' dir='ltr'>committeret,</span> <span class='ocrx_word' id='word_1_282' title='bbox 472 3134 522 3176; x_wconf 79' lang='lat' dir='ltr'>leis-</span> <span class='ocrx_word' id='word_1_283' title='bbox 576 3138 610 3175; x_wconf 84' lang='lat'>2⁷.</span> <span class='ocrx_word' id='word_1_284' title='bbox 625 3134 647 3173; x_wconf 78' lang='lat' dir='ltr'>ei</span> <span class='ocrx_word' id='word_1_285' title='bbox 660 3142 682 3172; x_wconf 82' lang='lat' dir='ltr'>se</span> <span class='ocrx_word' id='word_1_286' title='bbox 700 3132 798 3181; x_wconf 85' lang='lat' dir='ltr'>rapporte</span> <span class='ocrx_word' id='word_1_287' title='bbox 815 3126 827 3167; x_wconf 75' lang='lat' dir='ltr'>t</span> <span class='ocrx_word' id='word_1_288' title='bbox 845 3129 913 3169; x_wconf 79' lang='lat' dir='ltr'>turbo</span> <span class='ocrx_word' id='word_1_289' title='bbox 925 3128 999 3167; x_wconf 80' lang='lat' dir='ltr'>Maee-</span> 
     </span>
    </p>
   </div>
   <div class='ocr_carea' id='block_1_3' title="bbox 102 3187 998 3307">
    <p class='ocr_par' dir='ltr' id='par_1_5' title="bbox 102 3187 998 3307">
     <span class='ocr_line' id='line_1_35' title="bbox 102 3187 998 3240; baseline -0.015 -5"><span class='ocrx_word' id='word_1_290' title='bbox 102 3192 170 3235; x_wconf 79' lang='lat' dir='ltr'>cerait</span> <span class='ocrx_word' id='word_1_291' title='bbox 186 3204 210 3235; x_wconf 80' lang='lat' dir='ltr'>se</span> <span class='ocrx_word' id='word_1_292' title='bbox 222 3194 340 3238; x_wconf 81' lang='lat' dir='ltr'>coniondre.</span> <span class='ocrx_word' id='word_1_293' title='bbox 352 3210 386 3227; x_wconf 68' lang='lat'>⁴—</span> <span class='ocrx_word' id='word_1_294' title='bbox 404 3203 437 3239; x_wconf 81' lang='lat'>21.</span> <span class='ocrx_word' id='word_1_295' title='bbox 450 3197 523 3240; x_wconf 79' lang='lat' dir='ltr'>dieio·</span> <span class='ocrx_word' id='word_1_296' title='bbox 576 3194 674 3234; x_wconf 80' lang='lat' dir='ltr'>donum.</span> <span class='ocrx_word' id='word_1_297' title='bbox 689 3210 715 3219; x_wconf 95' lang='lat'>-</span> <span class='ocrx_word' id='word_1_298' title='bbox 732 3194 765 3228; x_wconf 76' lang='lat'>2⁸.</span> <span class='ocrx_word' id='word_1_299' title='bbox 778 3198 853 3237; x_wconf 80' lang='lat' dir='ltr'>omen,</span> <span class='ocrx_word' id='word_1_300' title='bbox 873 3198 922 3238; x_wconf 74' lang='lat' dir='ltr'>roy.</span> <span class='ocrx_word' id='word_1_301' title='bbox 939 3187 998 3225; x_wconf 67' lang='grc' dir='ltr'><strong><em>οῖσι.</em></strong></span> 
     </span>
     <span class='ocr_line' id='line_1_36' title="bbox 103 3246 998 3307; baseline -0.036 4"><span class='ocrx_word' id='word_1_302' title='bbox 103 3264 167 3305; x_wconf 63' lang='lat' dir='ltr'>mv</span> <span class='ocrx_word' id='word_1_303' title='bbox 182 3256 304 3307; x_wconf 58' lang='lat' dir='ltr'>V0l=fflict</span> <span class='ocrx_word' id='word_1_304' title='bbox 324 3258 384 3301; x_wconf 75' lang='lat' dir='ltr'>llice.</span> <span class='ocrx_word' id='word_1_305' title='bbox 400 3280 426 3288; x_wconf 96' lang='lat'>-</span> <span class='ocrx_word' id='word_1_306' title='bbox 447 3266 479 3301; x_wconf 75' lang='lat'>22.</span> <span class='ocrx_word' id='word_1_307' title='bbox 496 3270 522 3299; x_wconf 86' lang='lat' dir='ltr'>u·</span> <span class='ocrx_word' id='word_1_308' title='bbox 578 3253 639 3295; x_wconf 82' lang='lat' dir='ltr'>Hiet.</span> <span class='ocrx_word' id='word_1_309' title='bbox 663 3272 689 3281; x_wconf 93' lang='lat'>-</span> <span class='ocrx_word' id='word_1_310' title='bbox 706 3256 738 3291; x_wconf 82' lang='lat'>29.</span> <span class='ocrx_word' id='word_1_311' title='bbox 762 3246 849 3288; x_wconf 74' lang='lat' dir='ltr'>lectori</span> <span class='ocrx_word' id='word_1_312' title='bbox 870 3256 932 3293; x_wconf 80' lang='lat' dir='ltr'>eum,</span> <span class='ocrx_word' id='word_1_313' title='bbox 951 3252 998 3291; x_wconf 72' lang='lat' dir='ltr'>roy.</span> 
     </span>
    </p>
   </div>
   <div class='ocr_carea' id='block_1_4' title="bbox 0 0 1171 3500">
    <p class='ocr_par' dir='ltr' id='par_1_6' title="bbox 0 0 1171 3500">
     <span class='ocr_line' id='line_1_37' title="bbox 0 0 1171 3500; baseline 0 0"><span class='ocrx_word' id='word_1_314' title='bbox 0 0 1171 3500; x_wconf 95' lang='lat' dir='ltr'> </span> 
     </span>
    </p>
   </div>
  </div>
 </body>
</html>
