2317 3500
81 129 138 186 352
403 137 433 188 ο.
456 135 555 181 cunr!
586 138 687 184 nuri
790 116 888 198 [niv.
910 101 1077 172 326-‹325l

82 250 720 329 piissimque⁸⁰erv1umatqueamioorum,
736 253 859 324 grates
879 231 944 320 ago
967 244 1078 302 habeo
1143 252 1144 263 ¹

82 360 147 416 que,
171 357 229 396 non
252 341 344 396 solum
365 337 526 395 eonomine
541 343 642 410 quod
664 342 775 398 hodie
806 338 954 396 salutem
976 353 1077 394 meam

84 434 183 487 uestrae
203 429 376 500 praeponitis,
399 427 449 482 sed
467 427 544 500 quod
570 447 590 484 a
617 431 830 501 primordiis
856 430 937 487 belli
955 429 1075 485 nullum

84 535 151 590 erga
164 535 210 573 me
223 515 425 573 benevolentiae
449 514 554 585 pignus
576 522 689 591 atque
712 519 885 576 indicium
909 518 1074 586 omisistis,

30 655 36 665 .
83 608 152 664 adeo
174 611 206 662 ut
232 605 423 663 confitendum
445 603 483 660 sit
506 620 693 678 numquam
727 609 818 668 mihi
846 613 1073 668 vitammeam

84 697 171 752 tuisse
194 700 251 752 tam
279 711 373 751 earam
398 709 484 764 quam
506 707 571 748 esse
600 699 722 769 ooepit,
754 705 797 757 ut
814 702 917 760 vobis
938 702 994 760 diu
1016 702 1073 759 frui

84 783 200 856 possim.
223 781 276 854 [18]
290 779 421 836 Ceterum
433 793 491 834 non
511 777 620 835 eadem
632 787 691 839 est
705 786 878 860 cogitatio
895 809 1012 848 eorum
1022 790 1071 863 qui

18 866 23 879 '
85 889 135 944 pro
154 888 200 927 me
220 868 293 925 mori
312 870 421 940 optant,
445 869 551 922 etmea
570 868 670 938 (fiai2¹
700 876 849 946 quidem
872 881 962 938 hano
981 881 1072 939 bene-

86 959 240 1017 volentiam
267 960 391 1013 vestram
410 955 515 1011 virtute
528 959 551 990 ²¹
573 959 746 1020 meruisse
776 981 837 1025 me
855 968 986 1042 judjw,
1013 971 1072 1027 Vos

87 1049 162 1104 enim
173 1047 342 1103 diuturnum
352 1045 475 1100 fructum
485 1059 519 1098 ex
527 1043 747 1111 me,f0rsitan
758 1055 1073 1134 etiamperpetuum

88 1136 231 1210 percipere
249 1133 368 1208 cupiatis
383 1149 389 1184 :
406 1148 459 1206 ego
472 1147 519 1187 me
532 1135 556 1168 ’³
572 1135 697 1193 metior
718 1157 794 1200 non
821 1150 939 1208 aetatis
959 1153 1072 1224 spatio,

89 1224 139 1280 sed
151 1222 259 1295 gloriae.

126 1333 137 1362 α
156 1311 207 1383 lle]
219 1307 320 1376 Licuit,
332 1307 457 1378 paternis
470 1305 571 1376 opibus
585 1311 745 1370 contento
753 1321 797 1388 ²⁴,
813 1321 912 1384 intra
928 1329 1075 1390 Macedo

90 1401 144 1454 niae
155 1398 293 1454 terminos
307 1411 355 1466 per
367 1394 595 1463 oliumcorporis
612 1407 817 1469 exspectas-0
840 1416 1026 1478 obscuram
1045 1429 1077 1482 et

90 1485 245 1557 ignobilem
263 1486 447 1549 senectutem,
469 1498 644 1554 quamquam
666 1504 712 1546 ne
729 1495 829 1568 pigri
850 1506 996 1576 quidem
1018 1515 1077 1573 sihi

92 1575 149 1629 teta
172 1572 337 1643 disponunt,
366 1572 417 1628 sed
439 1570 555 1626 unicum
579 1571 695 1630 bonum
728 1583 945 1654 diuturnam
977 1605 1077 1662 vitam

92 1661 286 1718 existimantes
300 1677 373 1733 saepe
392 1661 492 1717 acerba
505 1662 528 1696 ²⁵
544 1675 622 1715 mors
635 1677 794 1739 occupat.
807 1677 946 1744 Verum
962 1707 1029 1766 ego
1040 1700 1067 1734 2⁶

93 1752 142 1825 qui
164 1768 222 1808 non
244 1766 334 1807 annos
354 1766 434 1807 meos
461 1749 510 1807 sed
529 1747 664 1807 victorias
686 1770 863 1839 numero,
1068 1737 1077 1764 ³

94 1842 215 1897 torlunae
233 1840 305 1895 bene
320 1842 464 1911 computo,
480 1837 528 1892 diu
543 1836 610 1892 vixi.

130 1950 143 1982 ι
159 1929 211 2001 [20]
226 1928 316 1983 Orsus
330 1944 347 1983 a
364 1924 537 1994 Mneedonia,
557 1924 717 1995 imperium
726 1936 759 1970 ²⁷
788 1939 942 2011 Graecjae
969 1964 1005 2016 te

95 2018 245 2074 Thraciam
268 2020 297 2071 et
317 2014 429 2086 illyrios
447 2013 557 2085 subegi,
580 2012 718 2071 Triballis
751 2022 954 2111 Maedisque
979 1979 1083 2110 11:1⁶2

96 2107 151 2162 rito
161 2110 195 2173 2⁸,
209 2104 315 2174 Asiam,
330 2120 388 2175 qua,
400 2102 594 2172 Hellesponto,
611 2118 668 2173 qua
680 2102 803 2170 Rubro
832 2131 931 2187 mal-j
952 2069 1085 2198 suffigi,

96 2200 154 2265 tur,
169 2192 310 2267 possideo.
332 2192 454 2263 Jamque
478 2190 554 2246 haud
569 2189 669 2259 procul
690 2190 821 2259 absum
853 2212 927 2274 fine
946 2230 1068 2285 mundi

99 2298 184 2356 quem
203 2297 346 2355 egressus,
362 2280 447 2336 aliam
468 2281 611 2344 naturam,
629 2277 757 2333 alium„
784 2296 919 2361 orbem
942 2272 1080 2385 ³901»er

98 2368 167 2423 mihi
192 2366 289 2424 statui.
316 2367 368 2440 [Ἡ]
394 2368 434 2423 Ex
457 2366 523 2423 Asia
541 2366 570 2420 in
590 2364 754 2436 Europae³⁰
795 2383 982 2455 terminos
1005 2421 1080 2461 mo-

99 2460 195 2513 mento
216 2454 300 2511 unius
326 2455 404 2511 horae
427 2454 555 2512 transivi.
578 2453 673 2509 Victor
698 2457 891 2541 utriusque
919 2487 1078 2561 regionis

887 1776 919 1831 si
937 1796 1080 1841 munera

101 2677 134 2713 20.
141 2665 257 2722 piissimi,
266 2676 313 2716 roy.
324 2664 386 2705 Reae.
393 2672 418 2708 27
429 2667 522 2709 b.-2l.

101 2731 143 2781 qm·
154 2741 166 2771 a
176 2739 229 2783 pour
241 2724 364 2768 anle'oe'dont
374 2727 421 2767 mei
432 2731 522 2769 eontenu

102 2790 155 2832 dans
163 2801 223 2831 meo.
233 2810 258 2818 -
272 2792 305 2828 ²2.
320 2786 413 2838 virtuto,
423 2800 461 2841 par
474 2799 522 2830 mon

101 2854 148 2895 seul
171 2862 269 2903 oourage.
288 2873 315 2881 -
328 2856 361 2892 23.
379 2861 422 2902 nee,
443 2851 522 2893 o.-‘a-d.
613 2848 618 2858 '

102 2924 152 2955 mon
162 2916 243 2956 merite.
256 2934 283 2943 —-
294 2915 327 2954 24.
340 2911 407 2953 licuit
418 2913 524 2966 paternis

102 2975 303 3024 opibusconwmo,
311 2984 358 3024 roy.
370 2984 410 3013 uno
421 2972 524 3014 ideonun-

104 3030 168 3083 lossus
184 3034 289 3087 exprimis
300 3044 338 3086 par
354 3032 523 3085 Racinotlplu'p.

104 3089 121 3141 ¹2
138 3094 171 3146 2).
189 3116 217 3125 -
231 3100 265 3139 25.
282 3094 372 3145 ooorbo,
384 3093 522 3147 promotores.
