2317 3500
155 156 213 214 3114
481 166 510 216 o.
535 110 627 209 cunm
650 164 724 207 nuri
881 145 968 226 [nur.
987 146 1072 228 326]
1153 178 1154 189 ς

191 280 242 352 [22]
264 279 364 336 Omnis
378 278 541 346 multitudo,
556 281 584 333 et
602 277 722 333 maxime
738 275 881 347 militaris,
890 276 991 332 mobili
1007 277 1073 333 im-

155 372 222 440 petu
235 368 367 424 effertur:
382 368 421 423 ita
430 370 453 405 ¹⁹
466 365 614 422 seditionis
626 382 682 420 non
691 365 817 422 remedia
824 380 911 436 quam
918 363 1071 436 principia

158 456 298 526 majora²⁰
310 459 386 512 suut.
403 455 458 527 [23]Ι
469 453 533 510 Non
547 452 618 508 alias
629 456 687 509 tam
701 453 794 507 alacer
805 452 912 508 elamor
927 452 962 507 ab
979 469 1072 509 exer·
1153 446 1154 475 ³

156 544 213 601 citu
246 547 291 600 est
315 543 442 600 redditus
468 541 660 614 jubentium²¹
690 540 816 606 duceret,
842 539 886 595 dis
913 541 1068 612 secundm,

157 637 336 705 aequaretque
350 632 442 704 gloria
459 647 531 702 quos
549 631 741 686 aemularetur.
758 629 852 684 Laetus
862 627 907 684 his
922 630 1069 686 acclama-

158 719 296 784 tionibus,
320 721 356 774 ad
373 720 471 774 hostes
484 717 615 789 protinus
638 720 731 772 eastra
749 716 849 773 movit.
868 717 920 789 [211]
937 717 1068 773 Validis-

158 808 237 864 simae
252 807 387 864 Indorum
400 811 499 880 gentes
514 809 606 873 erant,
621 810 649 862 et
659 804 894 876 bellumimpigre
909 806 1066 877 parabant,
1153 812 1154 869 ἰ

158 898 314 968 ducemque
334 913 367 952 ex
382 895 497 951 natione
513 896 705 950 Sudracarum
719 897 852 964 spectatae
868 893 986 949 virtutis
1006 896 1068 950 ele-

158 991 262 1057 gerant
277 1005 284 1042 =
302 984 351 1058 qui
366 986 418 1040 sub
438 983 580 1040 radicibus
598 982 705 1038 montis
718 987 811 1038 eastra
824 981 931 1056 posuit,
946 983 1067 1055 lateque
1153 1040 1154 1055 ,

157 1072 250 1145 ignes,
267 1076 300 1134 ut
322 1072 443 1144 speciem
476 1070 670 1127 multitudinis
690 1075 818 1142 augeret,
846 1070 983 1139 ostendit,
1007 1073 1068 1128 cla-

158 1183 237 1223 more
252 1183 365 1238 quoque
378 1182 410 1222 ac
429 1166 473 1220 sui
497 1164 586 1220 moris
615 1165 726 1220 ululatu
748 1163 904 1222 identidem
926 1164 1068 1236 adquies-

158 1258 252 1316 centes
268 1254 436 1310 Macedonas
458 1254 565 1309 irustre
590 1256 700 1308 terrere
715 1255 843 1309 conatus.

195 1342 245 1415 [25]
260 1343 325 1398 lam
339 1343 387 1396 lux
400 1342 557 1412 appetebat,
582 1357 647 1396 cum
661 1357 720 1410 rex,
743 1340 853 1396 fiduciae
874 1357 907 1396 ac
923 1341 983 1412 spei
999 1342 1069 1414 ple-

159 1447 223 1499 nus,
240 1431 345 1485 alacres
359 1428 464 1484 milites
477 1445 556 1484 arma
568 1445 668 1500 capere
686 1434 716 1486 ct
727 1429 803 1485 exire
819 1429 849 1484 in
861 1429 951 1486 aciem
966 1430 1065 1502 jubet

161 1517 260 1571 Scd-
277 1517 352 1572 haud
371 1515 495 1572 traditur
517 1520 632 1572 metune
647 1535 683 1574 an
704 1519 805 1575 oborta
829 1519 969 1575 seditione
987 1520 1070 1577 inter

158 1602 281 1673 ipsos—
299 1602 393 1660 subito
413 1603 602 1676 profugerunt
628 1604 741 1660 barbari
758 1605 829 1678 ;[26]
853 1611 963 1664 certe²²
982 1610 1069 1666 avios

159 1695 271 1749 montes
285 1698 313 1751 et
327 1692 479 1766 impeditos
493 1696 717 1765 occupaverunt3
737 1711 860 1766 quorum
884 1712 988 1769 agmen
1013 1713 1069 1755 rex

160 1784 266 1841 trustra
282 1790 457 1857 persecutus,
472 1785 675 1858 impedimenta
688 1785 771 1857 cepit.

195 1874 366 1931 Perventum
388 1874 489 1929 deinde
514 1880 558 1930 est
576 1874 612 1929 ad
636 1872 771 1945 oppidum
800 1874 1004 1942 Sudracarum,
1034 1877 1066 1932 in

160 1961 237 2033 quod
257 1960 384 2033 plerique
407 1961 605 2033 confugerant,
628 1962 704 2015 haud
729 1960 837 2035 maiore
861 1963 966 2019 fiducia
992 1981 1067 2021 moe-

162 2049 242 2104 nium
260 2064 346 2120 quam
360 2064 515 2105 armorum.
532 2047 584 2121 [27]
602 2049 667 2105 lem
692 2049 861 2106 admovebat
873 2056 897 2087 ²³
915 2067 974 2123 rex,
995 2068 1065 2110 cum

161 2139 238 2195 vates
251 2152 366 2193 monere
380 2153 445 2191 eum
459 2134 543 2208 coepit
558 2153 594 2191 ne
608 2136 806 2207 committeret,
818 2144 867 2193 aut
876 2142 953 2194 certe
965 2138 1065 2196 differ-

159 2229 237 2281 ret2⁴
259 2224 463 2281 ohsidionem:
491 2248 504 2273 «
531 2224 596 2280 vitm
619 2223 681 2296 ejus
709 2225 869 2296 perieulum
890 2228 1014 2302 ostendi.
1049 2251 1062 2281 s

161 2313 212 2385 [28]
232 2314 290 2369 Rex
311 2314 536 2385 Demophontem
554 2343 592 2353 -
611 2311 637 2367 is
653 2330 774 2384 namque
793 2316 872 2370 vates
889 2319 951 2372 erat
965 2347 999 2356 —
1018 2316 1065 2373 in-

159 2403 262 2455 tuens:
280 2420 293 2451 c
308 2400 339 2455 Si
354 2400 428 2471 quis,
445 2419 459 2453 a
474 2400 577 2471 inquit,
593 2402 646 2455 nte
658 2400 711 2455 arti
727 2404 782 2456 tuae
796 2402 940 2459 intentum
952 2408 981 2460 et
995 2411 1063 2463 ext-a
1152 2463 1155 2477 ,

160 2488 335 2557 spectantem
350 2487 389 2543 sic
404 2487 574 2559 interpellet,
593 2503 651 2544 non
673 2488 801 2545 dubitem
816 2491 887 2562 quin
901 2492 1063 2550 incommo-
1153 2515 1154 2530 ¹

160 2576 213 2631 dus
229 2592 260 2631 ac
273 2576 412 2631 molestus
426 2576 514 2632 videri
529 2576 579 2632 tibi
595 2578 695 2649 possit.
710 2600 721 2631 ι
736 2580 787 2651 [29]
801 2581 915 2637 Etcum
929 2582 978 2639 ille
992 2604 1006 2635 (ι
1021 2583 1063 2641 ita

160 2678 279 2734 prorsus
302 2661 431 2717 futurum
451 2664 725 2735 »respondissem«
748 2665 931 2738 Censesne,n
953 2669 1059 2743 inquit,

160 2892 197 2931 tro
213 2885 321 2941 sidercas
334 2895 366 2933 lt.
380 2884 406 2920 —'·
421 2894 452 2933 le.
466 2888 508 2941 ito,
530 2890 582 2933 e'cst
635 2892 703 2944 tiam,
714 2894 1060 2951 0.-e-u.5eomoeoeereoua-
1153 2929 1154 2950 l

161 2950 271 3003 pourquoi.
284 2974 310 2980 —
328 2956 361 2993 20.
379 2950 473 3005 mcy’oro
485 2964 511 2993 ue
525 2952 581 3005 s'ap·
636 2962 669 2999 22.
682 2961 782 3006 oerte,en
794 2962 841 2999 tout
852 2970 928 3001 caa-
937 2963 1061 3005 πωπω
1153 2989 1154 3004 i

161 3008 233 3061 plique
245 3009 292 3053 bien
303 3009 351 3064 qu'l
357 3012 481 3064 principia
492 3025 497 3065 ς
507 3014 526 3055 le
533 3026 583 3055 sene
635 3018 701 3060 nebat
710 3030 733 3060 so
744 3022 818 3060 trouve
830 3018 998 3065 ordinairemeut
1009 3034 1061 3068 aveo
1153 3007 1154 3016 ἵ

162 3072 195 3109 est
209 3080 214 3109 ε
227 3069 243 3111 il
257 3071 311 3113 n'est
324 3082 362 3125 pas
377 3072 426 3125 plus
438 3072 525 3115 diillcils
539 3074 583 3117 d’a-
637 3089 665 3120 un
673 3078 761 3131 mgime.
771 3102 799 3113 —-
809 3083 843 3122 zi.
856 3079 1060 3137 derantde'ssmt,

163 3138 281 3183 parserque
296 3130 401 3173 d'exciter.
416 3154 441 3163 --
457 3138 491 3176 2¹.
499 3137 583 3189 jubeo-
637 3153 699 3195 supp.
718 3146 752 3192 ut,
769 3144 875 3185 munt.
892 3154 955 3195 paros
970 3145 1023 3198 qu'il
1037 3159 1061 3191 sa
