2317 3500
119 165 155 222 st
442 179 472 230 o.
495 177 586 222 cuam
607 178 680 223 narr
776 159 855 242 [arv.
869 158 1016 242 tta-332]

116 295 163 368 jus
176 299 251 351 esset
274 312 396 367 regnum
419 294 579 351 fastidire5⁰
602 309 688 366 quam
711 291 848 366 accipere.
870 295 1018 362 Ceterum,

119 386 184 440 date
205 383 329 455 aliquem
347 383 433 455 regiae
453 383 560 455 stirpis,
583 382 632 456 qui
654 381 816 439 meminerit
838 400 856 439 a
875 383 955 440 vobis
972 401 1023 441 ac-

119 477 231 543 ceptum
246 472 351 528 habero
363 488 393 528 se
406 489 540 545 regnum.
558 491 573 524 n

157 562 209 634 [19]
226 563 316 633 Atque
328 561 380 630 illi,
397 578 461 616 cum
477 562 582 617 multos
596 560 771 616 imminore³¹
786 563 873 616 tantae
887 561 949 633 spei
963 565 1043 618 cer·‘

121 655 231 716 nerent,
252 649 373 723 singulis
389 651 574 706 amicorum³²
588 649 737 705 Alexandri
754 651 789 705 ob
803 649 922 706 nimiam
936 653 1024 724 regni

121 738 304 811 cupiditatem
319 739 476 809 adulantes,
493 742 622 794 statuunt
638 738 781 794 neminem
795 755 858 796 esse
878 739 1024 811 potiorem

123 844 208 899 quam
237 828 464 899 Abdalonymum
490 828 643 898 quendam,
667 828 753 899 longa
772 827 888 900 quidem
915 845 1024 902 cogna-

123 916 228 972 tione⁵⁸
242 915 324 987 stirpi
343 915 429 986 regiae
451 916 600 985 adnexum,
621 917 671 973 sed
687 918 722 973 ob
746 915 871 988 inopiam
887 916 1027 976 suburba-

124 1019 193 1058 num
205 1003 322 1058 hortum
337 1001 438 1075 exigua
447 1003 587 1060 colentem
599 1003 680 1074 stipe.
691 1003 744 1077 [20]
760 1002 853 1060 Causa
866 1003 892 1059 ci
906 1020 1029 1076 pauper·
1083 1035 1088 1044 ·

124 1091 202 1162 tatis,
221 1090 296 1148 sicut
314 1092 468 1164 plerisque,
484 1093 612 1164 probitas
626 1096 688 1148 erat
706 1111 713 1144 :
740 1092 923 1164 intentusque
943 1095 1028 1165 operi

125 1181 239 1252 diurno,
254 1180 404 1253 strepitum
425 1197 570 1236 armorum
592 1181 640 1252 qui
657 1184 747 1236 totam
763 1181 859 1237 Asiam
873 1196 1027 1239 concusse-

126 1273 180 1335 rat,
195 1269 437 1326 noncxaudiebat.
454 1267 505 1341 [tl]
521 1268 623 1325 Subito
635 1267 746 1337 deinde,
763 1270 797 1325 de
809 1267 945 1342 quibus³⁴
958 1274 1029 1328 ante

126 1358 232 1414 dictum
247 1361 301 1427 est,
317 1374 381 1412 cnm
395 1357 483 1429 regiae
494 1357 583 1413 vestis
596 1357 758 1429 insignibus
772 1358 889 1412 hortum
903 1357 1026 1428 intrant,

126 1462 211 1518 quem
224 1448 306 1513 forte,
324 1446 437 1502 steriles
451 1446 554 1501 herbas
569 1445 687 1517 eligens,
698 1445 909 1516 Abdalonymus
923 1461 1028 1516 repur-

126 1536 221 1608 gabat.
229 1533 281 1607 [22]
288 1536 369 1602 Tum,
381 1551 449 1606 rege
459 1551 492 1590 eo
500 1536 633 1599 salutato,
645 1536 717 1589 alter
728 1551 761 1589 ex
770 1533 830 1588 his:
842 1555 855 1586 u
867 1533 1029 1602 Habitus»,

126 1623 228 1695 inquit,
246 1643 260 1676 a
275 1622 320 1678 hic
332 1622 457 1689 vestis³³,
473 1639 557 1694 quem
572 1622 665 1677 cernis
676 1622 703 1677 in
714 1621 786 1677 meis
801 1621 943 1685 manibus,
960 1639 1031 1679 cum

126 1711 180 1769 isto
193 1714 325 1785 squalore
339 1713 575 1784 permutandus³6
592 1709 643 1768 tibi
658 1715 711 1768 est.
733 1711 822 1767 Ablue
840 1726 944 1783 corpus
965 1710 1031 1769 illu·

125 1802 169 1859 vie
187 1806 360 1875 veternoque
375 1806 403 1858 et
426 1802 555 1858 sordibus
579 1801 741 1874 squalidum
763 1822 770 1856 ε
790 1816 858 1871 cape
877 1800 956 1873 regis
970 1802 1033 1857 ani-

126 1909 215 1957 mum,
230 1894 259 1947 et
275 1890 303 1946 in
317 1907 379 1947 eam
399 1891 555 1960 fortunam,
576 1906 634 1961 qua
648 1888 752 1961 dignus
769 1905 811 1959 es,
830 1887 915 1944 istam
930 1888 1031 1945 conti-

125 1979 252 2037 nentiam
269 1980 372 2051 perfer.
395 1978 440 2048 Et,
462 1995 525 2033 cum
541 1977 570 2032 in
594 1977 683 2048 regali
704 1976 776 2033 solio
795 1976 944 2044 residebis,
958 1976 1030 2033 vitae

125 2066 259 2139 necisque
280 2065 408 2122 omnium
429 2065 533 2121 civium
551 2065 694 2133 dominus,
709 2082 776 2121 cave
789 2063 967 2120 obliviscaris
981 2065 1033 2121 Aa·

125 2154 207 2225 bitus,
223 2154 253 2211 in
276 2172 333 2226 quo
354 2153 456 2226 accipis
481 2170 614 2226 regnum,
637 2153 736 2223 immo,
760 2153 885 2221 hercule,
909 2156 1032 2225 propter

125 2262 253 2317 quem.»

163 2333 216 2405 [23]
235 2331 353 2388 Somnio
371 2331 473 2388 similis
485 2348 531 2388 res
541 2332 736 2404 Abdalonymo
750 2331 899 2388 videbatur
914 2350 920 2385 :
938 2329 1031 2387 inter-

125 2422 204 2489 dum,
218 2423 324 2475 satisne
342 2419 404 2476 sani
424 2423 519 2477 essent
540 2419 589 2493 qni
615 2423 673 2475 tam
692 2422 823 2490 proterve
845 2418 898 2474 sibi
923 2416 1032 2475 illude-

125 2513 199 2573 rent,
222 2510 450 2580 percontabatur.
468 2510 534 2578 Sed,
558 2512 590 2563 ut
611 2508 755 2562 cunctanti
774 2508 892 2579 squalor
908 2506 1031 2566 ablutus

126 2600 179 2667 est,
193 2601 221 2654 et
235 2596 337 2670 injecta
348 2598 435 2654 vestis
451 2613 577 2669 purpura
593 2612 720 2668 auroque
733 2595 877 2667 distincta,
888 2597 916 2649 et
925 2594 998 2651 fides
1013 2614 1032 2654 a

124 2688 287 2760 jurantibus
297 2689 380 2761 tacta,
398 2686 502 2743 serio⁵⁷
513 2685 572 2759 jam
587 2702 645 2754 rex,
657 2682 759 2739 iisdem
769 2683 983 2754 comitantibus,
996 2684 1031 2741 iu

126 2924 159 2962 3ο.
174 2932 274 2975 requam
291 2918 408 2972 fastidire,
419 2929 468 2972 aoy.
482 2916 546 2957 llam.
600 2920 633 2958 at.
642 2915 768 2968 dequibus,
779 2915 878 2969 suppltez
887 2914 908 2957 a·
917 2915 1030 2969 perones.

126 2990 150 3027 85
162 2984 183 3025 b.
195 3005 221 3013 —
240 2991 272 3028 al.
283 2983 415 3033 imminere,
430 2977 545 3022 courciter.
600 3001 626 3009 -
640 2983 673 3021 35.
690 2978 782 3021 babitus
798 2978 875 3030 vertis,
893 2988 945 3031 roy.
962 2978 1028 3024 Rem.

125 3065 152 3074 -
172 3048 205 3087 ³2·
221 3045 322 3100 simpatia
342 3044 482 3091 metaurum,
498 3049 545 3092 roy.
602 3047 646 3084 loo.
666 3062 693 3070 -
716 3046 748 3084 to.
776 3039 951 3092 permutandus
971 3050 1030 3082 maris

125 3104 188 3146 Rem.
198 3110 231 3148 aa.
240 3129 267 3138 -
279 3112 312 3150 33.
325 3106 393 3161 leupo
404 3101 546 3159 captatione,
601 3111 654 3154 pour
662 3101 834 3153 pennatasque
846 3112 898 3153 pro,
912 3104 1030 3144 construc-

125 3177 163 3219 par
181 3178 222 3209 unc
239 3167 317 3219 longua
333 3168 389 3211 suite
412 3168 500 3211 d'aleux.
520 3184 547 3195 -·
601 3161 646 3205 tion
656 3164 700 3205 tres
711 3173 765 3205 rare.
784 3184 810 3192 -
823 3167 857 3206 ³7.
869 3161 941 3204 emto.
952 3161 1031 3205 Abda·
