2317 3500
71 144 240 230 pensat]
448 151 564 196 mem
587 153 629 197 u·
680 112 683 116 ⁵
959 161 993 215 97

72 297 163 351 agens,
178 277 294 350 reginas
311 267 466 337 appellas,
489 269 621 341 speciem
641 271 768 342 pristinae
790 277 908 336 fortunae
927 283 994 339 reti-

73 370 154 422 nere⁴
167 363 282 437 pateris.
302 353 339 428 [l]
359 354 502 414 Vultum
524 360 610 413 tuum
623 358 704 416 video
725 364 817 436 qualis
829 367 906 424 Darii
928 371 993 442 suit,

73 470 135 510 cum
150 452 361 508 dimitteremur
374 446 413 502 ab
428 464 469 504 eo
488 463 496 504 ε
515 450 547 502 et
560 445 608 503 ille
623 450 717 506 tamen
733 469 860 525 uxorem,
875 459 907 513 tu
921 458 985 516 hos·

73 546 148 600 teml
171 542 260 612 luges.
275 538 291 594 J
296 551 344 593 am
362 535 392 592 in
417 538 488 593 acie
507 537 685 605 stercanlei
709 556 777 597 cura
796 547 824 599 te
838 546 988 617 sepulture

74 634 136 706 ejus
151 632 321 686 moraretur.
343 625 487 699 Ecquid⁰
509 625 619 681 mirum
640 630 693 696 est,
720 629 821 686 sitam
845 633 879 688 ab
899 635 988 692 amico

74 721 191 778 animo⁷
203 733 299 790 pacem
311 716 404 790 petit?
414 715 493 789 quid
505 731 579 787 opus
589 718 633 772 eet
649 715 917 792 armis⁸interquos
925 721 989 778 odiu

76 810 193 868 sublata
204 809 288 863 sunt‘l
299 806 332 878 [51
348 808 440 862 Antea
456 804 582 876 Imperio
596 809 645 861 tuo
660 805 747 862 finem
760 807 921 869 destinabat
932 813 983 866 Ha·

76 901 138 971 lym
156 910 278 963 amnem,
290 893 336 964 qui
351 895 475 967 Lydiam
491 891 628 948 terminat
644 913 651 947 z
665 909 750 962 nunc,
767 895 901 967 quioquid
911 895 987 953 inter

77 986 297 1056 Hellespontum
322 985 350 1038 et
371 981 543 1052 Euphraten
567 981 622 1049 est,
648 979 677 1036 in
702 983 797 1037 dotem
818 982 883 1038 liliae
904 984 985 1040 ollert

76 1090 168 1148 quam
182 1070 235 1128 tibi
248 1070 359 1126 traditl.
376 1070 411 1143 [6]
423 1069 536 1125 Ochum
550 1068 652 1140 filium,
662 1085 747 1140 quem
760 1070 857 1139 habes,
868 1070 946 1142 pacis
957 1075 986 1128 et

77 1163 145 1219 fidei
160 1159 289 1218 obsidem
301 1159 402 1227 retine,
413 1161 537 1214 matrem
548 1159 577 1212 et
587 1157 659 1212 duas
675 1155 802 1230 virgines
811 1157 986 1216 ¹⁰flliasred-

78 1254 136 1308 de:
155 1265 209 1322 pro
231 1247 323 1303 tribus
345 1246 513 1317 corporibus
521 1249 542 1281 ¹¹
558 1261 615 1300 xxx
630 1243 720 1300 millia
739 1245 877 1302 talentum
885 1251 908 1284 ¹⁸
922 1249 985 1304 auri

79 1348 216 1413 precatur
223 1333 353 1407 accipias
369 1334 403 1406 [7]
418 1331 479 1389 Nisi
494 1332 720 1390 moderationem
729 1333 816 1389 animi
830 1333 872 1390 tui
887 1338 983 1392 notam

79 1430 230 1494 haberem,
244 1422 318 1496 [non]
327 1422 449 1479 dicerem
463 1422 516 1477 hoc
533 1438 596 1478 esse
613 1426 727 1494 tempus
740 1439 796 1495 quo
810 1439 908 1496 pacem
924 1439 980 1481 non

80 1520 149 1575 dare
174 1515 278 1579 solum,
299 1511 349 1567 sed
372 1509 458 1566 etiam
482 1527 620 1583 occupare
642 1512 769 1568 deberes.
800 1511 834 1585 [8]
866 1511 981 1586 Respice

80 1602 334 1678 quantum¹⁵post
357 1600 384 1654 te
403 1596 577 1670 reliqueris:
601 1599 712 1657 intuere
735 1603 872 1672 quantum
891 1603 981 1673 potas.

83 1692 283 1749 Periculosum
307 1692 349 1742 ost
369 1703 513 1759 praegrave
532 1686 702 1759 imparium:
716 1687 830 1745 difficile
846 1691 891 1745 est
905 1688 979 1746 enim

82 1780 229 1837 continere
240 1778 317 1851 quod
329 1780 459 1848 capere¹⁴
472 1792 529 1831 non
543 1774 647 1845 possis,
679 1775 800 1833 Videsne
819 1779 851 1832 ut
869 1775 983 1851 navigia

82 1885 147 1942 quae
166 1868 284 1923 modum
303 1866 440 1921 excedunt
453 1863 514 1935 regi
529 1864 691 1933 nequeant?
706 1862 808 1919 Nescio
822 1880 858 1919 an
878 1863 981 1922 Darius

81 1958 147 2014 ideo
157 1960 216 2013 tam
226 1955 317 2010 multa
329 1952 464 2024 amiserit,
475 1950 542 2024 quia
554 1950 649 2007 nimiae
659 1968 726 2023 opes
741 1968 852 2025 magnae
863 1950 980 2024 Jacture

80 2045 177 2101 locum
200 2042 315 2100 faciunt.
342 2040 377 2116 [9]
398 2040 521 2098 Facilius
546 2043 591 2096 est
609 2041 739 2113 quaedam
760 2041 873 2098 vincere
896 2058 981 2116 quam

80 2134 173 2205 tueri3
191 2148 290 2206 quam,
312 2130 436 2196 hercule,
454 2128 613 2202 expeditius
627 2146 730 2187 manus
742 2134 847 2188 nostrae
866 2131 980 2204 rapiunt

80 2239 168 2295 quam
183 2218 347 2277 continenti
370 2218 435 2293 lpsa
457 2234 536 2275 mors
550 2219 649 2276 uxoris
673 2219 749 2276 Darii
776 2221 930 2277 admonere
953 2225 982 2279 te

78 2315 177 2385 potest
188 2309 284 2366 minus
294 2307 353 2381 jam
365 2307 567 2365 misericordiae
589 2312 645 2365 tuae
663 2307 748 2365 licere
762 2325 848 2383 quam
861 2309 950 2369 licuit.
964 2330 978 2366 o

120 2399 172 2472 [10]
199 2398 365 2468 Alexander,
391 2396 496 2471 legatis
522 2398 655 2454 excedere
680 2397 861 2457 tabernaculo
880 2400 979 2474 jussis,

80 2488 151 2559 quid
168 2487 294 2559 placeret
309 2488 344 2543 ad
358 2488 512 2544 consilium
525 2486 655 2572 relertfl.
672 2484 727 2542 Diu
741 2504 824 2545 nomo
835 2489 905 2562 quid
916 2507 981 2549 een-

80 2701 204 2754 aolrtrainte
226 2707 354 2762 maldrielle3
384 2708 508 2764 adpressit,
562 2707 625 2749 Rem.
652 2712 980 2771 tae.-1o.cirptcer‚vcy.

79 2768 508 2822 unecontreintemorale-t.rettnerc‚
562 2766 625 2810 tlon.
638 2773 671 2812 to.
687 2794 711 2801 -
729 2777 760 2815 ll.
772 2776 917 2829 corporibus,
933 2788 982 2829 per-

80 2832 240 2879 sons-entendu
250 2844 293 2876 eor.
303 2854 330 2865 ·-
339 2839 359 2878 5.
367 2833 471 2876 lwmma
481 2831 509 2873 ici
562 2839 645 2872 sennes.
660 2853 681 2862 -
691 2838 721 2875 12.
732 2833 851 2887 uolentum¹
859 2848 908 2891 vor.
918 2838 980 2883 llcn.

80 2908 124 2939 son
140 2907 192 2938 sens
201 2894 291 2949 primitil
299 2895 335 2937 d’«
343 2896 461 2947 otranges
473 2893 508 2947 (ol.
564 2898 588 2935 1⁰
597 2897 618 2934 et
629 2893 689 2936 Dici.
701 2893 760 2938 litet.
774 2904 843 2941 -13,
860 2904 982 2955 quantum,
1010 2916 1012 2921 ·

81 2958 132 3002 (ἧς,
145 2958 173 2999 α,
188 2954 231 3011 Off,
245 2958 261 3009 1,
276 2958 317 3010 12).
334 2978 363 2990 -
380 2961 401 3001 e.
421 2955 510 3008 ecquid,
562 2956 713 2998 sous-entendu
725 2961 850 3001 terrarum.
864 2982 891 2991 -
902 2967 932 3005 tl.
943 2973 983 3006 co-

83 3032 136 3073 voy.
148 3020 210 3062 Rem.
219 3019 397 3066 75.-·1.oos'mo
406 3017 508 3073 pourlto·
560 3026 622 3071 perc,
637 3027 686 3059 eene
698 3017 781 3071 morah·
789 3021 914 3078 continere,
934 3036 983 3071 eene

82 3082 161 3125 mine.
172 3103 199 3112 -
213 3088 232 3125 e.
244 3081 300 3135 quid
309 3092 369 3137 opus
383 3082 417 3122 cst
428 3077 510 3130 comte,
562 3076 664 3121 mattrlel.
674 3101 700 3109 -
712 3084 743 3123 15.
761 3080 791 3123 od
807 3082 935 3129 concilium
947 3101 983 3132 re-

83 3141 242 3186 cens-entendu
252 3143 324 3185 iia-
335 3150 355 3189 s.
365 3140 448 3194 uadit,
462 3150 509 3193 top.
562 3140 614 3193 sert,
625 3140 651 3185 cl.
664 3140 683 3183 la
693 3139 786 3185 leontion
796 3144 826 3186 ad
834 3154 940 3191 sertulam
950 3164 983 3194 re-

154 3252 339 3299 ponere-conca.
849 3248 859 3293 t
