2317 3500
200 241 359 326 [Au'r.
394 237 531 325 333]
924 261 1112 304 121ssssss
1158 262 1251 304 111.
1905 247 1974 301 21

269 377 474 449 Ingens
511 375 829 432 sollicitudo
858 381 914 432 et
946 393 1103 448 paene
1130 375 1249 447 jam
1286 377 1469 431 luctus
1499 377 1555 431 in
1594 375 1793 432 castris
1833 380 1974 432 erat.

192 465 261 538 [5]
316 465 538 521 Flentes
577 465 972 536 querebantur,
1009 465 1065 520 in
1107 468 1269 520 tanto
1310 463 1519 535 impetu
1558 483 1837 538 cursuque
1888 482 1977 520 re-

759 1412 1081 1456 'l'etradrachme
1109 1413 1401 1456 d’Alexandre.

191 1570 342 1621 rum,
371 1552 551 1608 omnis
585 1554 764 1610 aetatis
789 1570 853 1611 ac
881 1555 1168 1611 memoriae
1197 1552 1575 1609 clarissimum
1605 1568 1821 1626 regem,
1861 1569 1975 1607 non

192 1641 249 1695 in
298 1640 416 1696 acie
463 1641 677 1709 saltem,
713 1659 825 1697 non
866 1643 934 1698 ab
969 1643 1130 1697 hoste
1170 1642 1467 1713 dejectum,
1510 1642 1609 1697 sed
1652 1643 1977 1697 abluentem

195 1746 342 1801 aqua
386 1745 585 1801 corpus
629 1734 883 1803 ereptum
911 1746 1034 1787 esse
1071 1734 1129 1786 et
1157 1729 1495 1786 exstinctum
1528 1751 1541 1786 :
1594 1729 1663 1804 [6]
1698 1751 1726 1782 «
1760 1731 1977 1785 Instare

195 1818 448 1886 Darium,
466 1819 732 1876 victorem
753 1824 1053 1891 antequam
1084 1819 1319 1874 vidisset
1342 1820 1585 1874 hostem.
1608 1818 1727 1873 Sibi
1753 1819 1979 1874 easdem

196 1912 395 1976 terraS,
434 1923 574 1977 quas
613 1908 846 1964 victoria
889 1908 1309 1979 peragrassent,
1351 1905 1682 1975 repetendas
1724 1926 1737 1960 :
1790 1905 1981 1959 omnia

197 1998 291 2050 aut
328 1994 481 2065 ipsos
521 1999 616 2050 aut
650 1997 842 2052 hostes
878 1996 1213 2067 populatos:
1255 2009 1356 2065 per
1389 1995 1580 2048 vastas
1619 1990 1973 2061 solitudines,

197 2083 414 2138 etiamsi
465 2100 626 2139 nemo
675 2085 896 2156 insequi
931 2084 1086 2152 velit,
1128 2086 1327 2139 euntes
1366 2082 1513 2138 fame
1569 2084 1737 2153 atque
1788 2080 1979 2153 inopia

199 2170 504 2228 debellari⁷
544 2189 723 2243 posse.
769 2173 841 2247 [7]
887 2174 1067 2239 Quem
1114 2173 1343 2244 signum
1390 2173 1657 2227 daturum
1706 2169 1980 2242 fugienti-

195 2262 299 2316 bus
318 2263 349 2316 ‘?
390 2277 558 2333 quem
585 2279 858 2318 ausurum
887 2263 1200 2317 Alexandro
1230 2262 1526 2316 succedere
1547 2263 1574 2314 ‘2
1613 2260 1741 2316 Jam
1767 2264 1872 2314 ut⁸
1909 2260 1980 2313 ad

194 2350 622 2419 Hellespontum
657 2351 793 2420 fuga
823 2349 1190 2419 penetrarint,
1224 2350 1644 2419 classem⁹,qua
1665 2350 1977 2414 transeant,

194 2456 364 2512 quem
386 2441 830 2509 praeparaturum
849 2439 875 2492 ‘2
898 2457 922 2489 ι)
955 2438 1023 2511 [8]
1052 2439 1273 2493 Rursus
1288 2442 1335 2474 ¹⁰
1356 2437 1413 2491 in
1443 2436 1624 2507 ipsum
1660 2452 1853 2508 regem
1874 2436 1981 2492 mi-

192 2526 504 2583 sericordia
553 2541 744 2593 versa,
800 2524 958 2581 illum
1010 2525 1211 2582 florem
1244 2525 1492 2598 juventae
1512 2530 1577 2593 ¹¹,
1614 2523 1770 2580 illam
1793 2530 1839 2562 ¹³
1864 2525 1978 2581 vim

191 2613 393 2685 animi,
431 2613 672 2667 eundem
713 2628 906 2684 regem
945 2615 1004 2669 et
1042 2613 1487 2670 commilitonem
1521 2612 1711 2669 divelli
1750 2630 1786 2668 a
1831 2630 1890 2669 se
1924 2616 1982 2668 et

191 2699 476 2771 abrumpi,
519 2701 878 2757 immemores
924 2702 1035 2771 sui,
1081 2703 1483 2773 querebantur.

263 2789 337 2863 [9]
376 2789 531 2844 Inter
560 2790 679 2844 haec
702 2794 746 2826 ¹³
775 2790 1005 2846 liberius
1029 2807 1217 2845 meare
1233 2793 1280 2828 ¹⁴
1314 2789 1549 2861 spiritus
1568 2792 1814 2860 coeperat
1848 2789 1985 2843 alle-

187 2932 294 2974 seul.
321 2954 377 2963 ·-·
397 2936 437 2974 7·
460 2932 694 2980 debellari,
715 2936 804 2974 mot
819 2932 1030 2986 mitique.
1139 2931 1330 2975 sonnello
1354 2932 1410 2974 du
1433 2930 1513 2973 roi.
1534 2952 1587 2963 -
1612 2935 1679 2971 11.
1707 2926 1873 2979 florem
1902 2926 1985 2979 Ju-

187 3016 239 3024 —-
280 3001 321 3037 8.
350 2994 462 3049 jam
487 2999 552 3047 ut,
579 3006 630 3036 en
668 2994 899 3036 admettant
934 3007 1030 3048 que.
1138 3000 1294 3046 ventae,
1334 2992 1573 3035 ssorissante
1603 2989 1816 3046 jeunesse.
1838 3008 1893 3018 —
1920 2994 1982 3029 ¹⁶2.

187 3078 239 3085 —
263 3062 305 3099 9.
331 3056 544 3097 classem.
573 3057 712 3109 Apres
731 3055 772 3097 la
789 3055 958 3097 bataille
978 3056 1032 3097 du
1137 3057 1279 3097 illum
1305 3059 1348 3097 et
1367 3054 1506 3095 illam
1528 3052 1627 3090 sont
1649 3046 1942 3100 emphatiques
1969 3061 1981 3089 ε

189 3114 428 3169 Granique,
453 3114 689 3158 Alexandro
713 3114 829 3158 avait
852 3118 1031 3169 renvoye
1141 3121 1251 3158 cette
1261 3114 1478 3156 brillanto
1500 3109 1671 3155 sseur...‚
1687 3108 1794 3146 cette
1808 3107 1987 3158 mande

191 3178 372 3217 touton
393 3174 511 3217 ssotte
530 3188 580 3217 en
601 3176 745 3219 (ἢκ-δυο.
768 3200 822 3208 —
846 3185 905 3220 ιο.
922 3190 1034 3219 rur·-
1142 3174 1484 3228 vigueur.-1s.
1502 3169 1609 3216 haec,
1628 3177 1725 3217 voy.
1748 3167 1872 3207 Rom.
1897 3172 1985 3207 180.

193 3247 291 3287 sue,
311 3242 539 3280 monam
559 3250 632 3281 sur
655 3240 696 3281 la
717 3238 920 3282 situation
944 3253 1038 3294 per-
1148 3260 1197 3269 —
1243 3240 1306 3277 ¹4.
1346 3239 1503 3273 πισῶν-ο
1542 3236 1608 3269 est
1662 3228 1873 3280 poetique.
1942 3243 1988 3250 --
