<?xml version="1.0" encoding="UTF-8"?>
<!DOCTYPE html PUBLIC "-//W3C//DTD XHTML 1.0 Transitional//EN"
    "http://www.w3.org/TR/xhtml1/DTD/xhtml1-transitional.dtd">
<html xmlns="http://www.w3.org/1999/xhtml" xml:lang="en" lang="en">
 <head>
  <title>
</title>
<meta http-equiv="Content-Type" content="text/html;charset=utf-8" />
  <meta name='ocr-system' content='tesseract 3.04.00' />
  <meta name='ocr-capabilities' content='ocr_page ocr_carea ocr_par ocr_line ocrx_word'/>
</head>
<body>
  <div class='ocr_page' id='page_1' title='image "./qcurtiirufihist00vogegoog_0110.png"; bbox 0 0 2317 3500; ppageno 0'>
   <div class='ocr_carea' id='block_1_1' title="bbox 157 136 1062 228">
    <p class='ocr_par' dir='ltr' id='par_1_1' title="bbox 157 136 1062 228">
     <span class='ocr_line' id='line_1_1' title="bbox 157 136 1062 228; baseline 0.003 -28"><span class='ocrx_word' id='word_1_1' title='bbox 157 146 194 200; x_wconf 75' lang='grc'>92</span> <span class='ocrx_word' id='word_1_2' title='bbox 484 159 514 208; x_wconf 88' lang='lat' dir='ltr'>o.</span> <span class='ocrx_word' id='word_1_3' title='bbox 537 156 628 200; x_wconf 81' lang='lat' dir='ltr'>cusrr</span> <span class='ocrx_word' id='word_1_4' title='bbox 651 155 724 198; x_wconf 82' lang='lat' dir='ltr'>nour</span> <span class='ocrx_word' id='word_1_5' title='bbox 866 136 966 218; x_wconf 76' lang='lat' dir='ltr'>[supr.</span> <span class='ocrx_word' id='word_1_6' title='bbox 981 139 1062 228; x_wconf 82' lang='grc'>331]</span> 
     </span>
    </p>
   </div>
   <div class='ocr_carea' id='block_1_2' title="bbox 142 269 1107 2730">
    <p class='ocr_par' dir='ltr' id='par_1_2' title="bbox 156 269 1064 602">
     <span class='ocr_line' id='line_1_2' title="bbox 158 269 1064 343; baseline 0.004 -17"><span class='ocrx_word' id='word_1_7' title='bbox 158 270 203 326; x_wconf 89' lang='lat' dir='ltr'>tiae</span> <span class='ocrx_word' id='word_1_8' title='bbox 217 287 249 326; x_wconf 88' lang='lat' dir='ltr'>ao</span> <span class='ocrx_word' id='word_1_9' title='bbox 271 270 345 326; x_wconf 84' lang='lat' dir='ltr'>fidei.</span> <span class='ocrx_word' id='word_1_10' title='bbox 369 270 420 343; x_wconf 85' lang='grc'>[17]</span> <span class='ocrx_word' id='word_1_11' title='bbox 444 271 501 325; x_wconf 86' lang='lat' dir='ltr'>Sed</span> <span class='ocrx_word' id='word_1_12' title='bbox 524 269 675 328; x_wconf 80' lang='lat' dir='ltr'>Parmenio</span> <span class='ocrx_word' id='word_1_13' title='bbox 696 269 855 330; x_wconf 86' lang='lat' dir='ltr'>deterruit:</span> <span class='ocrx_word' id='word_1_14' title='bbox 878 290 970 329; x_wconf 80' lang='lat' dir='ltr'>onon</span> <span class='ocrx_word' id='word_1_15' title='bbox 990 290 1064 330; x_wconf 86' lang='lat' dir='ltr'>esse</span> 
     </span>
     <span class='ocr_line' id='line_1_3' title="bbox 156 357 1064 433; baseline 0.004 -19"><span class='ocrx_word' id='word_1_16' title='bbox 156 359 260 414; x_wconf 91' lang='lat' dir='ltr'>talibus</span> <span class='ocrx_word' id='word_1_17' title='bbox 284 357 433 433; x_wconf 81' lang='lat' dir='ltr'>promissis</span> <span class='ocrx_word' id='word_1_18' title='bbox 454 357 723 418; x_wconf 84' lang='lat' dir='ltr'>imbuendas-aures</span> <span class='ocrx_word' id='word_1_19' title='bbox 737 360 861 416; x_wconf 85' lang='lat' dir='ltr'>militum</span> <span class='ocrx_word' id='word_1_20' title='bbox 881 361 1064 424; x_wconf 78' lang='lat' dir='ltr'>adfirmans;</span> 
     </span>
     <span class='ocr_line' id='line_1_4' title="bbox 158 451 1063 523; baseline 0.004 -20"><span class='ocrx_word' id='word_1_21' title='bbox 158 451 283 520; x_wconf 74' lang='lat' dir='ltr'>patere²³</span> <span class='ocrx_word' id='word_1_22' title='bbox 297 453 342 508; x_wconf 88' lang='lat' dir='ltr'>vel</span> <span class='ocrx_word' id='word_1_23' title='bbox 355 452 439 508; x_wconf 91' lang='lat' dir='ltr'>unius</span> <span class='ocrx_word' id='word_1_24' title='bbox 462 451 574 507; x_wconf 86' lang='lat' dir='ltr'>insidiis</span> <span class='ocrx_word' id='word_1_25' title='bbox 594 467 691 523; x_wconf 82' lang='lat' dir='ltr'>regem</span> <span class='ocrx_word' id='word_1_26' title='bbox 709 470 714 503; x_wconf 90' lang='lat'>:</span> <span class='ocrx_word' id='word_1_27' title='bbox 732 451 802 506; x_wconf 91' lang='lat' dir='ltr'>nihil</span> <span class='ocrx_word' id='word_1_28' title='bbox 816 451 895 506; x_wconf 87' lang='lat' dir='ltr'>nefas</span> <span class='ocrx_word' id='word_1_29' title='bbox 910 466 971 507; x_wconf 89' lang='lat' dir='ltr'>esse</span> <span class='ocrx_word' id='word_1_30' title='bbox 991 467 1063 508; x_wconf 87' lang='lat' dir='ltr'>ava-</span> 
     </span>
     <span class='ocr_line' id='line_1_5' title="bbox 158 537 921 602; baseline -0.001 -8"><span class='ocrx_word' id='word_1_31' title='bbox 158 537 240 595; x_wconf 84' lang='lat' dir='ltr'>ritiae.</span> <span class='ocrx_word' id='word_1_32' title='bbox 255 559 268 592; x_wconf 79' lang='lat' dir='ltr'>o</span> <span class='ocrx_word' id='word_1_33' title='bbox 284 540 404 596; x_wconf 84' lang='lat' dir='ltr'>Secutus</span> <span class='ocrx_word' id='word_1_34' title='bbox 418 539 530 596; x_wconf 90' lang='lat' dir='ltr'>consilii</span> <span class='ocrx_word' id='word_1_35' title='bbox 544 542 699 602; x_wconf 73' lang='lat' dir='ltr'>auctorem,</span> <span class='ocrx_word' id='word_1_36' title='bbox 713 543 806 595; x_wconf 89' lang='lat' dir='ltr'>castra</span> <span class='ocrx_word' id='word_1_37' title='bbox 824 538 921 594; x_wconf 91' lang='lat' dir='ltr'>movit.</span> 
     </span>
    </p>

    <p class='ocr_par' dir='ltr' id='par_1_3' title="bbox 160 627 1064 2023">
     <span class='ocr_line' id='line_1_6' title="bbox 195 627 1064 701; baseline 0.003 -20"><span class='ocrx_word' id='word_1_38' title='bbox 195 629 245 699; x_wconf 88' lang='grc'>[18]</span> <span class='ocrx_word' id='word_1_39' title='bbox 259 628 315 684; x_wconf 88' lang='lat' dir='ltr'>lter</span> <span class='ocrx_word' id='word_1_40' title='bbox 326 628 438 685; x_wconf 78' lang='lat' dir='ltr'>facienti</span> <span class='ocrx_word' id='word_1_41' title='bbox 450 628 537 701; x_wconf 88' lang='lat' dir='ltr'>spado</span> <span class='ocrx_word' id='word_1_42' title='bbox 550 645 565 684; x_wconf 96' lang='lat' dir='ltr'>e</span> <span class='ocrx_word' id='word_1_43' title='bbox 580 629 727 699; x_wconf 73' lang='lat' dir='ltr'>captivis²6</span> <span class='ocrx_word' id='word_1_44' title='bbox 736 628 785 699; x_wconf 91' lang='lat' dir='ltr'>qui</span> <span class='ocrx_word' id='word_1_45' title='bbox 795 627 871 684; x_wconf 88' lang='lat' dir='ltr'>Darii</span> <span class='ocrx_word' id='word_1_46' title='bbox 882 643 999 683; x_wconf 85' lang='lat' dir='ltr'>uxorem</span> <span class='ocrx_word' id='word_1_47' title='bbox 1013 644 1064 684; x_wconf 89' lang='lat' dir='ltr'>co·</span> 
     </span>
     <span class='ocr_line' id='line_1_7' title="bbox 160 715 1061 787; baseline 0.001 -16"><span class='ocrx_word' id='word_1_48' title='bbox 160 717 343 785; x_wconf 90' lang='lat' dir='ltr'>mitabantur,</span> <span class='ocrx_word' id='word_1_49' title='bbox 355 717 471 772; x_wconf 87' lang='lat' dir='ltr'>deficere</span> <span class='ocrx_word' id='word_1_50' title='bbox 485 733 548 772; x_wconf 91' lang='lat' dir='ltr'>eam</span> <span class='ocrx_word' id='word_1_51' title='bbox 561 715 677 771; x_wconf 89' lang='lat' dir='ltr'>nuntiat</span> <span class='ocrx_word' id='word_1_52' title='bbox 693 718 721 770; x_wconf 91' lang='lat' dir='ltr'>et</span> <span class='ocrx_word' id='word_1_53' title='bbox 734 715 778 770; x_wconf 83' lang='lat' dir='ltr'>vix</span> <span class='ocrx_word' id='word_1_54' title='bbox 794 715 926 787; x_wconf 88' lang='lat' dir='ltr'>spiritum</span> <span class='ocrx_word' id='word_1_55' title='bbox 942 716 1061 772; x_wconf 84' lang='lat' dir='ltr'>ducere.</span> 
     </span>
     <span class='ocr_line' id='line_1_8' title="bbox 161 803 1061 876; baseline 0.001 -17"><span class='ocrx_word' id='word_1_56' title='bbox 161 803 211 876; x_wconf 88' lang='grc'>[19]</span> <span class='ocrx_word' id='word_1_57' title='bbox 221 804 334 860; x_wconf 86' lang='lat' dir='ltr'>Itineris</span> <span class='ocrx_word' id='word_1_58' title='bbox 343 803 470 859; x_wconf 77' lang='lat' dir='ltr'>continui</span> <span class='ocrx_word' id='word_1_59' title='bbox 481 804 578 859; x_wconf 89' lang='lat' dir='ltr'>labore</span> <span class='ocrx_word' id='word_1_60' title='bbox 591 803 733 875; x_wconf 85' lang='lat' dir='ltr'>animique</span> <span class='ocrx_word' id='word_1_61' title='bbox 742 803 911 876; x_wconf 74' lang='lat' dir='ltr'>aegritudine</span> <span class='ocrx_word' id='word_1_62' title='bbox 925 803 1061 876; x_wconf 80' lang='lat' dir='ltr'>fatigata,</span> 
     </span>
     <span class='ocr_line' id='line_1_9' title="bbox 160 891 1061 964; baseline -0.001 -17"><span class='ocrx_word' id='word_1_63' title='bbox 160 892 234 949; x_wconf 90' lang='lat' dir='ltr'>inter</span> <span class='ocrx_word' id='word_1_64' title='bbox 248 909 347 949; x_wconf 88' lang='lat' dir='ltr'>socrus</span> <span class='ocrx_word' id='word_1_65' title='bbox 361 896 389 947; x_wconf 91' lang='lat' dir='ltr'>et</span> <span class='ocrx_word' id='word_1_66' title='bbox 401 891 576 964; x_wconf 68' lang='lat' dir='ltr'>virginumss</span> <span class='ocrx_word' id='word_1_67' title='bbox 591 892 714 947; x_wconf 86' lang='lat' dir='ltr'>filiarum</span> <span class='ocrx_word' id='word_1_68' title='bbox 729 909 830 948; x_wconf 87' lang='lat' dir='ltr'>manus</span> <span class='ocrx_word' id='word_1_69' title='bbox 847 893 971 963; x_wconf 89' lang='lat' dir='ltr'>collapsa</span> <span class='ocrx_word' id='word_1_70' title='bbox 983 895 1061 962; x_wconf 86' lang='lat' dir='ltr'>erat,</span> 
     </span>
     <span class='ocr_line' id='line_1_10' title="bbox 160 979 1059 1050; baseline 0 -14"><span class='ocrx_word' id='word_1_71' title='bbox 160 979 259 1036; x_wconf 90' lang='lat' dir='ltr'>deinde</span> <span class='ocrx_word' id='word_1_72' title='bbox 273 983 302 1036; x_wconf 87' lang='lat' dir='ltr'>et</span> <span class='ocrx_word' id='word_1_73' title='bbox 315 980 461 1036; x_wconf 84' lang='lat' dir='ltr'>exstincta.</span> <span class='ocrx_word' id='word_1_74' title='bbox 472 979 503 1034; x_wconf 93' lang='lat' dir='ltr'>ld</span> <span class='ocrx_word' id='word_1_75' title='bbox 519 979 611 1050; x_wconf 89' lang='lat' dir='ltr'>ipsum</span> <span class='ocrx_word' id='word_1_76' title='bbox 620 985 643 1018; x_wconf 75' lang='lat'>²⁸</span> <span class='ocrx_word' id='word_1_77' title='bbox 650 979 784 1037; x_wconf 90' lang='lat' dir='ltr'>nuntians</span> <span class='ocrx_word' id='word_1_78' title='bbox 794 981 867 1036; x_wconf 89' lang='lat' dir='ltr'>alius</span> <span class='ocrx_word' id='word_1_79' title='bbox 880 981 1059 1050; x_wconf 89' lang='lat' dir='ltr'>supervenit.</span> 
     </span>
     <span class='ocr_line' id='line_1_11' title="bbox 162 1067 1063 1141; baseline 0.001 -19"><span class='ocrx_word' id='word_1_80' title='bbox 162 1068 212 1141; x_wconf 88' lang='grc'>[20]</span> <span class='ocrx_word' id='word_1_81' title='bbox 220 1067 346 1134; x_wconf 54' lang='lat' dir='ltr'>Etssrex,</span> <span class='ocrx_word' id='word_1_82' title='bbox 354 1069 429 1124; x_wconf 91' lang='lat' dir='ltr'>haud</span> <span class='ocrx_word' id='word_1_83' title='bbox 440 1085 521 1125; x_wconf 89' lang='lat' dir='ltr'>secus</span> <span class='ocrx_word' id='word_1_84' title='bbox 531 1085 617 1139; x_wconf 89' lang='lat' dir='ltr'>quam</span> <span class='ocrx_word' id='word_1_85' title='bbox 628 1068 651 1124; x_wconf 90' lang='lat' dir='ltr'>si</span> <span class='ocrx_word' id='word_1_86' title='bbox 661 1068 786 1139; x_wconf 87' lang='lat' dir='ltr'>parentis</span> <span class='ocrx_word' id='word_1_87' title='bbox 794 1084 871 1124; x_wconf 90' lang='lat' dir='ltr'>mors</span> <span class='ocrx_word' id='word_1_88' title='bbox 881 1068 1011 1124; x_wconf 88' lang='lat' dir='ltr'>nuntiata</span> <span class='ocrx_word' id='word_1_89' title='bbox 1020 1087 1063 1123; x_wconf 86' lang='lat' dir='ltr'>es·</span> 
     </span>
     <span class='ocr_line' id='line_1_12' title="bbox 161 1155 1062 1230; baseline -0.003 -17"><span class='ocrx_word' id='word_1_90' title='bbox 161 1160 214 1226; x_wconf 90' lang='lat' dir='ltr'>set,</span> <span class='ocrx_word' id='word_1_91' title='bbox 225 1158 339 1213; x_wconf 92' lang='lat' dir='ltr'>crebros</span> <span class='ocrx_word' id='word_1_92' title='bbox 351 1158 439 1213; x_wconf 81' lang='lat' dir='ltr'>edidit</span> <span class='ocrx_word' id='word_1_93' title='bbox 452 1157 594 1230; x_wconf 77' lang='lat' dir='ltr'>gemitus3</span> <span class='ocrx_word' id='word_1_94' title='bbox 607 1156 788 1228; x_wconf 81' lang='lat' dir='ltr'>lacrimisque</span> <span class='ocrx_word' id='word_1_95' title='bbox 801 1158 919 1226; x_wconf 79' lang='lat' dir='ltr'>obortiS,</span> <span class='ocrx_word' id='word_1_96' title='bbox 934 1155 1062 1228; x_wconf 61' lang='lat' dir='ltr'>quatiere</span> 
     </span>
     <span class='ocr_line' id='line_1_13' title="bbox 162 1244 1063 1316; baseline 0.002 -18"><span class='ocrx_word' id='word_1_97' title='bbox 162 1245 263 1299; x_wconf 88' lang='lat' dir='ltr'>Darius</span> <span class='ocrx_word' id='word_1_98' title='bbox 279 1245 462 1316; x_wconf 81' lang='lat' dir='ltr'>profudisset,</span> <span class='ocrx_word' id='word_1_99' title='bbox 477 1244 506 1298; x_wconf 91' lang='lat' dir='ltr'>in</span> <span class='ocrx_word' id='word_1_100' title='bbox 519 1244 745 1312; x_wconf 87' lang='lat' dir='ltr'>tabernaculum,</span> <span class='ocrx_word' id='word_1_101' title='bbox 768 1245 797 1300; x_wconf 90' lang='lat' dir='ltr'>in</span> <span class='ocrx_word' id='word_1_102' title='bbox 818 1261 873 1316; x_wconf 89' lang='lat' dir='ltr'>quo</span> <span class='ocrx_word' id='word_1_103' title='bbox 890 1249 980 1299; x_wconf 87' lang='lat' dir='ltr'>mater</span> <span class='ocrx_word' id='word_1_104' title='bbox 995 1248 1063 1300; x_wconf 86' lang='lat' dir='ltr'>erat</span> 
     </span>
     <span class='ocr_line' id='line_1_14' title="bbox 162 1331 1062 1405; baseline 0.003 -20"><span class='ocrx_word' id='word_1_105' title='bbox 162 1331 250 1394; x_wconf 90' lang='lat' dir='ltr'>Darii,</span> <span class='ocrx_word' id='word_1_106' title='bbox 274 1333 434 1388; x_wconf 78' lang='lat' dir='ltr'>defuncto⁵¹</span> <span class='ocrx_word' id='word_1_107' title='bbox 454 1332 582 1388; x_wconf 88' lang='lat' dir='ltr'>assidens</span> <span class='ocrx_word' id='word_1_108' title='bbox 597 1332 719 1403; x_wconf 82' lang='lat' dir='ltr'>corpori,</span> <span class='ocrx_word' id='word_1_109' title='bbox 735 1332 820 1388; x_wconf 91' lang='lat' dir='ltr'>veuit.</span> <span class='ocrx_word' id='word_1_110' title='bbox 843 1332 894 1405; x_wconf 87' lang='grc'>[21]</span> <span class='ocrx_word' id='word_1_111' title='bbox 920 1332 972 1387; x_wconf 87' lang='lat' dir='ltr'>Hic</span> <span class='ocrx_word' id='word_1_112' title='bbox 991 1349 1062 1388; x_wconf 90' lang='lat' dir='ltr'>vero</span> 
     </span>
     <span class='ocr_line' id='line_1_15' title="bbox 161 1421 1064 1491; baseline 0.002 -17"><span class='ocrx_word' id='word_1_113' title='bbox 161 1424 314 1476; x_wconf 88' lang='lat' dir='ltr'>renovatus</span> <span class='ocrx_word' id='word_1_114' title='bbox 333 1425 378 1476; x_wconf 91' lang='lat' dir='ltr'>est</span> <span class='ocrx_word' id='word_1_115' title='bbox 400 1436 513 1486; x_wconf 87' lang='lat' dir='ltr'>maeror,</span> <span class='ocrx_word' id='word_1_116' title='bbox 536 1424 568 1474; x_wconf 91' lang='lat' dir='ltr'>ut</span> <span class='ocrx_word' id='word_1_117' title='bbox 587 1423 790 1491; x_wconf 73' lang='lat' dir='ltr'>prostratam⁵²</span> <span class='ocrx_word' id='word_1_118' title='bbox 809 1421 889 1476; x_wconf 88' lang='lat' dir='ltr'>humi</span> <span class='ocrx_word' id='word_1_119' title='bbox 903 1421 982 1477; x_wconf 86' lang='lat' dir='ltr'>vidit.</span> <span class='ocrx_word' id='word_1_120' title='bbox 1005 1421 1064 1476; x_wconf 82' lang='lat' dir='ltr'>lle-</span> 
     </span>
     <span class='ocr_line' id='line_1_16' title="bbox 162 1507 1063 1581; baseline 0.002 -19"><span class='ocrx_word' id='word_1_121' title='bbox 162 1507 235 1563; x_wconf 88' lang='lat' dir='ltr'>centi</span> <span class='ocrx_word' id='word_1_122' title='bbox 250 1510 325 1565; x_wconf 90' lang='lat' dir='ltr'>malo</span> <span class='ocrx_word' id='word_1_123' title='bbox 345 1509 473 1580; x_wconf 92' lang='lat' dir='ltr'>priorum</span> <span class='ocrx_word' id='word_1_124' title='bbox 487 1525 600 1581; x_wconf 89' lang='lat' dir='ltr'>quoque</span> <span class='ocrx_word' id='word_1_125' title='bbox 613 1510 767 1574; x_wconf 90' lang='lat' dir='ltr'>admonita,</span> <span class='ocrx_word' id='word_1_126' title='bbox 782 1513 927 1581; x_wconf 83' lang='lat' dir='ltr'>receperat</span> <span class='ocrx_word' id='word_1_127' title='bbox 946 1508 975 1564; x_wconf 92' lang='lat' dir='ltr'>in</span> <span class='ocrx_word' id='word_1_128' title='bbox 994 1525 1063 1581; x_wconf 78' lang='lat' dir='ltr'>gre-</span> 
     </span>
     <span class='ocr_line' id='line_1_17' title="bbox 162 1596 1064 1670; baseline 0.004 -20"><span class='ocrx_word' id='word_1_129' title='bbox 162 1596 251 1650; x_wconf 88' lang='lat' dir='ltr'>mium</span> <span class='ocrx_word' id='word_1_130' title='bbox 264 1597 376 1652; x_wconf 87' lang='lat' dir='ltr'>adultas</span> <span class='ocrx_word' id='word_1_131' title='bbox 390 1597 525 1670; x_wconf 84' lang='lat' dir='ltr'>virgines,</span> <span class='ocrx_word' id='word_1_132' title='bbox 551 1613 656 1669; x_wconf 84' lang='lat' dir='ltr'>magna</span> <span class='ocrx_word' id='word_1_133' title='bbox 673 1598 788 1670; x_wconf 87' lang='lat' dir='ltr'>quidem</span> <span class='ocrx_word' id='word_1_134' title='bbox 805 1597 897 1654; x_wconf 91' lang='lat' dir='ltr'>mutui</span> <span class='ocrx_word' id='word_1_135' title='bbox 907 1602 930 1634; x_wconf 78' lang='lat'>⁵⁵</span> <span class='ocrx_word' id='word_1_136' title='bbox 951 1597 1064 1654; x_wconf 86' lang='lat' dir='ltr'>doloris</span> 
     </span>
     <span class='ocr_line' id='line_1_18' title="bbox 163 1684 1063 1759; baseline 0.003 -20"><span class='ocrx_word' id='word_1_137' title='bbox 163 1684 305 1758; x_wconf 60' lang='lat' dir='ltr'>soncior,</span> <span class='ocrx_word' id='word_1_138' title='bbox 321 1686 371 1742; x_wconf 91' lang='lat' dir='ltr'>sed</span> <span class='ocrx_word' id='word_1_139' title='bbox 384 1686 488 1758; x_wconf 92' lang='lat' dir='ltr'>quibus</span> <span class='ocrx_word' id='word_1_140' title='bbox 502 1686 563 1758; x_wconf 89' lang='lat' dir='ltr'>ipsa</span> <span class='ocrx_word' id='word_1_141' title='bbox 587 1687 702 1742; x_wconf 85' lang='lat' dir='ltr'>deberet</span> <span class='ocrx_word' id='word_1_142' title='bbox 726 1704 788 1743; x_wconf 86' lang='lat' dir='ltr'>esse</span> <span class='ocrx_word' id='word_1_143' title='bbox 811 1686 924 1743; x_wconf 88' lang='lat' dir='ltr'>solacio.</span> <span class='ocrx_word' id='word_1_144' title='bbox 948 1685 998 1759; x_wconf 90' lang='grc'>[22]</span> <span class='ocrx_word' id='word_1_145' title='bbox 1027 1685 1063 1742; x_wconf 93' lang='lat' dir='ltr'>ln</span> 
     </span>
     <span class='ocr_line' id='line_1_19' title="bbox 163 1772 1063 1849; baseline 0 -20"><span class='ocrx_word' id='word_1_146' title='bbox 163 1780 315 1847; x_wconf 89' lang='lat' dir='ltr'>conspectu</span> <span class='ocrx_word' id='word_1_147' title='bbox 329 1780 391 1832; x_wconf 89' lang='lat' dir='ltr'>erat</span> <span class='ocrx_word' id='word_1_148' title='bbox 404 1793 493 1849; x_wconf 91' lang='lat' dir='ltr'>nepos</span> <span class='ocrx_word' id='word_1_149' title='bbox 506 1776 652 1846; x_wconf 77' lang='lat' dir='ltr'>parvuluS,</span> <span class='ocrx_word' id='word_1_150' title='bbox 669 1777 704 1833; x_wconf 91' lang='lat' dir='ltr'>ob</span> <span class='ocrx_word' id='word_1_151' title='bbox 724 1776 752 1832; x_wconf 93' lang='lat' dir='ltr'>id</span> <span class='ocrx_word' id='word_1_152' title='bbox 776 1776 870 1847; x_wconf 88' lang='lat' dir='ltr'>ipsum</span> <span class='ocrx_word' id='word_1_153' title='bbox 888 1772 1063 1831; x_wconf 84' lang='lat' dir='ltr'>miserabilis</span> 
     </span>
     <span class='ocr_line' id='line_1_20' title="bbox 163 1863 1063 1935; baseline 0.002 -18"><span class='ocrx_word' id='word_1_154' title='bbox 163 1864 240 1935; x_wconf 91' lang='lat' dir='ltr'>quod</span> <span class='ocrx_word' id='word_1_155' title='bbox 263 1865 388 1921; x_wconf 91' lang='lat' dir='ltr'>nondum</span> <span class='ocrx_word' id='word_1_156' title='bbox 412 1865 553 1921; x_wconf 89' lang='lat' dir='ltr'>sentiebat</span> <span class='ocrx_word' id='word_1_157' title='bbox 571 1864 770 1933; x_wconf 86' lang='lat' dir='ltr'>calamitatem,</span> <span class='ocrx_word' id='word_1_158' title='bbox 789 1881 822 1919; x_wconf 83' lang='lat' dir='ltr'>ex</span> <span class='ocrx_word' id='word_1_159' title='bbox 837 1863 959 1919; x_wconf 87' lang='lat' dir='ltr'>maxima</span> <span class='ocrx_word' id='word_1_160' title='bbox 980 1866 1063 1932; x_wconf 89' lang='lat' dir='ltr'>parte</span> 
     </span>
     <span class='ocr_line' id='line_1_21' title="bbox 164 1944 534 2023; baseline 0 -16"><span class='ocrx_word' id='word_1_161' title='bbox 164 1954 199 2007; x_wconf 91' lang='lat' dir='ltr'>ad</span> <span class='ocrx_word' id='word_1_162' title='bbox 212 1944 305 2023; x_wconf 84' lang='lat' dir='ltr'>ipsum</span> <span class='ocrx_word' id='word_1_163' title='bbox 319 1953 534 2008; x_wconf 87' lang='lat' dir='ltr'>redundantem.</span> 
     </span>
    </p>

    <p class='ocr_par' dir='ltr' id='par_1_4' title="bbox 200 2040 1060 2113">
     <span class='ocr_line' id='line_1_22' title="bbox 200 2040 1060 2113; baseline -0.003 -18"><span class='ocrx_word' id='word_1_164' title='bbox 200 2041 252 2112; x_wconf 83' lang='grc'>[23]</span> <span class='ocrx_word' id='word_1_165' title='bbox 269 2041 404 2096; x_wconf 87' lang='lat' dir='ltr'>Crederes</span> <span class='ocrx_word' id='word_1_166' title='bbox 422 2042 614 2113; x_wconf 81' lang='lat' dir='ltr'>Alexandrum</span> <span class='ocrx_word' id='word_1_167' title='bbox 629 2043 703 2098; x_wconf 88' lang='lat' dir='ltr'>inter</span> <span class='ocrx_word' id='word_1_168' title='bbox 721 2057 787 2097; x_wconf 87' lang='lat' dir='ltr'>suas</span> <span class='ocrx_word' id='word_1_169' title='bbox 806 2040 1028 2096; x_wconf 87' lang='lat' dir='ltr'>necessitudines</span> <span class='ocrx_word' id='word_1_170' title='bbox 1035 2044 1060 2078; x_wconf 74' lang='lat'>⁵⁵</span> 
     </span>
    </p>

    <p class='ocr_par' dir='ltr' id='par_1_5' title="bbox 142 2126 1107 2730">
     <span class='ocr_line' id='line_1_23' title="bbox 142 2126 1063 2205; baseline 0.001 -23"><span class='ocrx_word' id='word_1_171' title='bbox 142 2126 232 2205; x_wconf 31' lang='lat' dir='ltr'>&#39;llere</span> <span class='ocrx_word' id='word_1_172' title='bbox 252 2132 280 2184; x_wconf 92' lang='lat' dir='ltr'>et</span> <span class='ocrx_word' id='word_1_173' title='bbox 299 2127 404 2183; x_wconf 90' lang='lat' dir='ltr'>solacia</span> <span class='ocrx_word' id='word_1_174' title='bbox 426 2145 483 2183; x_wconf 92' lang='lat' dir='ltr'>non</span> <span class='ocrx_word' id='word_1_175' title='bbox 504 2128 649 2197; x_wconf 90' lang='lat' dir='ltr'>adhibere,</span> <span class='ocrx_word' id='word_1_176' title='bbox 671 2129 721 2185; x_wconf 90' lang='lat' dir='ltr'>sed</span> <span class='ocrx_word' id='word_1_177' title='bbox 742 2143 878 2200; x_wconf 81' lang='lat' dir='ltr'>quaerere.</span> <span class='ocrx_word' id='word_1_178' title='bbox 902 2126 971 2183; x_wconf 87' lang='lat' dir='ltr'>Cibo</span> <span class='ocrx_word' id='word_1_179' title='bbox 984 2130 1063 2183; x_wconf 89' lang='lat' dir='ltr'>certe</span> 
     </span>
     <span class='ocr_line' id='line_1_24' title="bbox 166 2216 1062 2288; baseline 0.001 -17"><span class='ocrx_word' id='word_1_180' title='bbox 166 2216 313 2283; x_wconf 87' lang='lat' dir='ltr'>abstinuit,</span> <span class='ocrx_word' id='word_1_181' title='bbox 326 2232 496 2287; x_wconf 89' lang='lat' dir='ltr'>omnemque</span> <span class='ocrx_word' id='word_1_182' title='bbox 511 2218 648 2275; x_wconf 91' lang='lat' dir='ltr'>honorem</span> <span class='ocrx_word' id='word_1_183' title='bbox 670 2216 774 2285; x_wconf 83' lang='lat' dir='ltr'>lunari,</span> <span class='ocrx_word' id='word_1_184' title='bbox 793 2216 884 2288; x_wconf 89' lang='lat' dir='ltr'>patrio</span> <span class='ocrx_word' id='word_1_185' title='bbox 908 2216 1062 2272; x_wconf 88' lang='lat' dir='ltr'>Persarum</span> 
     </span>
     <span class='ocr_line' id='line_1_25' title="bbox 166 2303 1063 2377; baseline 0.004 -20"><span class='ocrx_word' id='word_1_186' title='bbox 166 2320 255 2373; x_wconf 89' lang='lat' dir='ltr'>more,</span> <span class='ocrx_word' id='word_1_187' title='bbox 271 2304 411 2360; x_wconf 83' lang='lat' dir='ltr'>servavit:</span> <span class='ocrx_word' id='word_1_188' title='bbox 426 2303 541 2377; x_wconf 83' lang='lat' dir='ltr'>dignus,</span> <span class='ocrx_word' id='word_1_189' title='bbox 554 2306 679 2375; x_wconf 87' lang='lat' dir='ltr'>hercule,</span> <span class='ocrx_word' id='word_1_190' title='bbox 694 2306 743 2377; x_wconf 92' lang='lat' dir='ltr'>qui</span> <span class='ocrx_word' id='word_1_191' title='bbox 757 2321 832 2359; x_wconf 90' lang='lat' dir='ltr'>nunc</span> <span class='ocrx_word' id='word_1_192' title='bbox 846 2320 959 2375; x_wconf 87' lang='lat' dir='ltr'>quoque</span> <span class='ocrx_word' id='word_1_193' title='bbox 975 2306 1063 2361; x_wconf 73' lang='lat' dir='ltr'>tantas</span> 
     </span>
     <span class='ocr_line' id='line_1_26' title="bbox 167 2390 1063 2465; baseline 0.006 -20"><span class='ocrx_word' id='word_1_194' title='bbox 167 2394 195 2446; x_wconf 87' lang='lat' dir='ltr'>et</span> <span class='ocrx_word' id='word_1_195' title='bbox 206 2392 432 2448; x_wconf 88' lang='lat' dir='ltr'>mansuetudinis</span> <span class='ocrx_word' id='word_1_196' title='bbox 443 2396 470 2448; x_wconf 88' lang='lat' dir='ltr'>et</span> <span class='ocrx_word' id='word_1_197' title='bbox 479 2396 659 2451; x_wconf 76' lang='lat' dir='ltr'>continentia</span> <span class='ocrx_word' id='word_1_198' title='bbox 673 2396 745 2451; x_wconf 84' lang='lat' dir='ltr'>ierat</span> <span class='ocrx_word' id='word_1_199' title='bbox 759 2395 891 2449; x_wconf 85' lang='lat' dir='ltr'>fructum.</span> <span class='ocrx_word' id='word_1_200' title='bbox 903 2392 955 2465; x_wconf 74' lang='lat'><strong>[24]</strong></span> <span class='ocrx_word' id='word_1_201' title='bbox 967 2390 1063 2450; x_wconf 89' lang='lat' dir='ltr'>Semel</span> 
     </span>
     <span class='ocr_line' id='line_1_27' title="bbox 167 2479 1107 2554; baseline 0 -21"><span class='ocrx_word' id='word_1_202' title='bbox 167 2480 281 2535; x_wconf 89' lang='lat' dir='ltr'>omnino</span> <span class='ocrx_word' id='word_1_203' title='bbox 296 2496 358 2535; x_wconf 90' lang='lat' dir='ltr'>eam</span> <span class='ocrx_word' id='word_1_204' title='bbox 370 2480 488 2552; x_wconf 88' lang='lat' dir='ltr'>viderat,</span> <span class='ocrx_word' id='word_1_205' title='bbox 504 2498 560 2554; x_wconf 93' lang='lat' dir='ltr'>quo</span> <span class='ocrx_word' id='word_1_206' title='bbox 575 2482 620 2538; x_wconf 91' lang='lat' dir='ltr'>die</span> <span class='ocrx_word' id='word_1_207' title='bbox 634 2485 716 2553; x_wconf 89' lang='lat' dir='ltr'>capta</span> <span class='ocrx_word' id='word_1_208' title='bbox 725 2486 777 2550; x_wconf 87' lang='lat' dir='ltr'>est,</span> <span class='ocrx_word' id='word_1_209' title='bbox 791 2497 842 2537; x_wconf 90' lang='lat' dir='ltr'>nec</span> <span class='ocrx_word' id='word_1_210' title='bbox 854 2483 887 2535; x_wconf 89' lang='lat' dir='ltr'>ut</span> <span class='ocrx_word' id='word_1_211' title='bbox 899 2479 1000 2550; x_wconf 87' lang='lat' dir='ltr'>ipsam,</span> <span class='ocrx_word' id='word_1_212' title='bbox 1012 2485 1063 2539; x_wconf 84' lang='lat' dir='ltr'>sed</span> <span class='ocrx_word' id='word_1_213' title='bbox 1105 2530 1107 2533; x_wconf 86' lang='lat'>.</span> 
     </span>
     <span class='ocr_line' id='line_1_28' title="bbox 166 2568 1064 2642; baseline 0.007 -21"><span class='ocrx_word' id='word_1_214' title='bbox 166 2570 199 2621; x_wconf 88' lang='lat' dir='ltr'>ut</span> <span class='ocrx_word' id='word_1_215' title='bbox 211 2568 288 2624; x_wconf 87' lang='lat' dir='ltr'>Darii</span> <span class='ocrx_word' id='word_1_216' title='bbox 300 2572 420 2623; x_wconf 91' lang='lat' dir='ltr'>matrem</span> <span class='ocrx_word' id='word_1_217' title='bbox 429 2569 547 2636; x_wconf 88' lang='lat' dir='ltr'>videret,</span> <span class='ocrx_word' id='word_1_218' title='bbox 558 2572 744 2642; x_wconf 88' lang='lat' dir='ltr'>eximiamque</span> <span class='ocrx_word' id='word_1_219' title='bbox 752 2568 991 2641; x_wconf 89' lang='lat' dir='ltr'>pulchritudinem</span> <span class='ocrx_word' id='word_1_220' title='bbox 1007 2568 1064 2627; x_wconf 87' lang='lat' dir='ltr'>ior·</span> 
     </span>
     <span class='ocr_line' id='line_1_29' title="bbox 167 2656 1061 2730; baseline 0.008 -20"><span class='ocrx_word' id='word_1_221' title='bbox 167 2672 220 2712; x_wconf 87' lang='lat' dir='ltr'>mae</span> <span class='ocrx_word' id='word_1_222' title='bbox 229 2657 292 2730; x_wconf 87' lang='lat' dir='ltr'>ejus</span> <span class='ocrx_word' id='word_1_223' title='bbox 302 2672 358 2712; x_wconf 93' lang='lat' dir='ltr'>non</span> <span class='ocrx_word' id='word_1_224' title='bbox 367 2656 492 2713; x_wconf 90' lang='lat' dir='ltr'>libidinis</span> <span class='ocrx_word' id='word_1_225' title='bbox 504 2659 877 2727; x_wconf 86' lang='lat' dir='ltr'>habueratinvitamentum,</span> <span class='ocrx_word' id='word_1_226' title='bbox 889 2658 938 2713; x_wconf 88' lang='lat' dir='ltr'>sed</span> <span class='ocrx_word' id='word_1_227' title='bbox 952 2656 1061 2728; x_wconf 74' lang='lat' dir='ltr'>gloriae</span> 
     </span>
    </p>
   </div>
   <div class='ocr_carea' id='block_1_3' title="bbox 167 2825 1065 3190">
    <p class='ocr_par' dir='ltr' id='par_1_6' title="bbox 167 2825 1065 3190">
     <span class='ocr_line' id='line_1_30' title="bbox 167 2825 1065 2880; baseline -0.002 -11"><span class='ocrx_word' id='word_1_228' title='bbox 167 2836 215 2880; x_wconf 71' lang='lat' dir='ltr'>vop.</span> <span class='ocrx_word' id='word_1_229' title='bbox 227 2828 290 2870; x_wconf 80' lang='lat' dir='ltr'>Rern.</span> <span class='ocrx_word' id='word_1_230' title='bbox 307 2830 351 2869; x_wconf 74' lang='lat'>16³.</span> <span class='ocrx_word' id='word_1_231' title='bbox 364 2844 390 2853; x_wconf 91' lang='lat'><em>-</em></span> <span class='ocrx_word' id='word_1_232' title='bbox 401 2831 434 2868; x_wconf 81' lang='lat'>25.</span> <span class='ocrx_word' id='word_1_233' title='bbox 446 2830 531 2877; x_wconf 80' lang='lat' dir='ltr'>palere,</span> <span class='ocrx_word' id='word_1_234' title='bbox 544 2826 588 2869; x_wconf 74' lang='lat' dir='ltr'>etro</span> <span class='ocrx_word' id='word_1_235' title='bbox 641 2850 667 2857; x_wconf 93' lang='lat'>-</span> <span class='ocrx_word' id='word_1_236' title='bbox 687 2833 719 2870; x_wconf 84' lang='grc' dir='ltr'>3ο.</span> <span class='ocrx_word' id='word_1_237' title='bbox 739 2825 823 2879; x_wconf 77' lang='lat' dir='ltr'>quotis,</span> <span class='ocrx_word' id='word_1_238' title='bbox 841 2836 890 2879; x_wconf 74' lang='lat' dir='ltr'>vop.</span> <span class='ocrx_word' id='word_1_239' title='bbox 908 2826 970 2867; x_wconf 78' lang='lat' dir='ltr'>Ram.</span> <span class='ocrx_word' id='word_1_240' title='bbox 991 2831 1025 2868; x_wconf 83' lang='grc' dir='ltr'>2ο.</span> <span class='ocrx_word' id='word_1_241' title='bbox 1037 2850 1065 2862; x_wconf 82' lang='lat'>-</span> 
     </span>
     <span class='ocr_line' id='line_1_31' title="bbox 167 2887 1064 2943; baseline -0.002 -16"><span class='ocrx_word' id='word_1_242' title='bbox 167 2890 321 2941; x_wconf 68' lang='lat' dir='ltr'>amose—26.</span> <span class='ocrx_word' id='word_1_243' title='bbox 333 2887 458 2939; x_wconf 77' lang='lat' dir='ltr'>conplicis,</span> <span class='ocrx_word' id='word_1_244' title='bbox 466 2898 513 2940; x_wconf 74' lang='lat' dir='ltr'>roy.</span> <span class='ocrx_word' id='word_1_245' title='bbox 523 2888 588 2930; x_wconf 82' lang='lat' dir='ltr'>Rem.</span> <span class='ocrx_word' id='word_1_246' title='bbox 642 2895 676 2935; x_wconf 79' lang='lat' dir='ltr'>al.</span> <span class='ocrx_word' id='word_1_247' title='bbox 683 2889 798 2941; x_wconf 69' lang='lat' dir='ltr'>defuncto,</span> <span class='ocrx_word' id='word_1_248' title='bbox 814 2898 863 2929; x_wconf 88' lang='lat' dir='ltr'>sans</span> <span class='ocrx_word' id='word_1_249' title='bbox 874 2887 963 2939; x_wconf 68' lang='lat' dir='ltr'>regine,</span> <span class='ocrx_word' id='word_1_250' title='bbox 973 2892 1006 2929; x_wconf 84' lang='lat' dir='ltr'>est</span> <span class='ocrx_word' id='word_1_251' title='bbox 1016 2893 1064 2943; x_wconf 77' lang='lat' dir='ltr'>poo.</span> 
     </span>
     <span class='ocr_line' id='line_1_32' title="bbox 171 2949 1063 3005; baseline 0.006 -14"><span class='ocrx_word' id='word_1_252' title='bbox 171 2955 214 2993; x_wconf 79' lang='lat'><strong>195.</strong></span> <span class='ocrx_word' id='word_1_253' title='bbox 222 2949 545 3005; x_wconf 76' lang='lat' dir='ltr'>-27.oirptonm,voy.Rem.</span> <span class='ocrx_word' id='word_1_254' title='bbox 554 2955 587 2992; x_wconf 81' lang='lat' dir='ltr'>lc.</span> <span class='ocrx_word' id='word_1_255' title='bbox 642 2951 707 3005; x_wconf 86' lang='lat' dir='ltr'>tique.</span> <span class='ocrx_word' id='word_1_256' title='bbox 718 2974 744 2982; x_wconf 97' lang='lat'>-</span> <span class='ocrx_word' id='word_1_257' title='bbox 756 2956 788 2995; x_wconf 84' lang='grc'>32.</span> <span class='ocrx_word' id='word_1_258' title='bbox 797 2955 951 3003; x_wconf 78' lang='lat' dir='ltr'>prostratam,</span> <span class='ocrx_word' id='word_1_259' title='bbox 969 2949 989 2990; x_wconf 86' lang='lat' dir='ltr'>la</span> <span class='ocrx_word' id='word_1_260' title='bbox 1009 2953 1063 2996; x_wconf 79' lang='lat' dir='ltr'>m&#39;ere</span> 
     </span>
     <span class='ocr_line' id='line_1_33' title="bbox 167 3009 1062 3065; baseline 0.004 -12"><span class='ocrx_word' id='word_1_261' title='bbox 167 3032 193 3040; x_wconf 93' lang='grc'><strong>-</strong></span> <span class='ocrx_word' id='word_1_262' title='bbox 213 3019 244 3056; x_wconf 79' lang='lat'>28.</span> <span class='ocrx_word' id='word_1_263' title='bbox 262 3013 289 3054; x_wconf 80' lang='lat' dir='ltr'>id</span> <span class='ocrx_word' id='word_1_264' title='bbox 310 3012 398 3065; x_wconf 80' lang='lat' dir='ltr'>ipsum,</span> <span class='ocrx_word' id='word_1_265' title='bbox 416 3009 544 3053; x_wconf 75' lang='lat' dir='ltr'>c&#39;est-l-dirc</span> <span class='ocrx_word' id='word_1_266' title='bbox 568 3011 589 3052; x_wconf 85' lang='lat' dir='ltr'>la</span> <span class='ocrx_word' id='word_1_267' title='bbox 642 3014 666 3055; x_wconf 88' lang='lat' dir='ltr'>de</span> <span class='ocrx_word' id='word_1_268' title='bbox 679 3012 762 3056; x_wconf 87' lang='lat' dir='ltr'>Darius.</span> <span class='ocrx_word' id='word_1_269' title='bbox 775 3012 1062 3065; x_wconf 66' lang='lat' dir='ltr'>—ssmototuopltenn</span> 
     </span>
     <span class='ocr_line' id='line_1_34' title="bbox 169 3071 1061 3129; baseline 0.007 -17"><span class='ocrx_word' id='word_1_270' title='bbox 169 3078 224 3113; x_wconf 86' lang='lat' dir='ltr'>mort</span> <span class='ocrx_word' id='word_1_271' title='bbox 240 3071 372 3129; x_wconf 62' lang='lat' dir='ltr'>(melincta)</span> <span class='ocrx_word' id='word_1_272' title='bbox 389 3072 413 3113; x_wconf 86' lang='lat' dir='ltr'>de</span> <span class='ocrx_word' id='word_1_273' title='bbox 436 3072 456 3114; x_wconf 85' lang='lat' dir='ltr'>la</span> <span class='ocrx_word' id='word_1_274' title='bbox 471 3071 545 3113; x_wconf 74' lang='lat' dir='ltr'>fernme</span> <span class='ocrx_word' id='word_1_275' title='bbox 564 3072 589 3113; x_wconf 82' lang='lat' dir='ltr'>dc</span> <span class='ocrx_word' id='word_1_276' title='bbox 642 3074 1061 3128; x_wconf 68' lang='grc' dir='ltr'>281).-31.εο1αοι“α,1ο].1111η.12,</span> 
     </span>
     <span class='ocr_line' id='line_1_35' title="bbox 168 3133 1063 3190; baseline 0.003 -16"><span class='ocrx_word' id='word_1_277' title='bbox 168 3133 252 3177; x_wconf 75' lang='lat' dir='ltr'>Darius.</span> <span class='ocrx_word' id='word_1_278' title='bbox 266 3156 293 3167; x_wconf 90' lang='lat'><em>-</em></span> <span class='ocrx_word' id='word_1_279' title='bbox 308 3141 342 3181; x_wconf 79' lang='lat'>29.</span> <span class='ocrx_word' id='word_1_280' title='bbox 356 3139 384 3188; x_wconf 83' lang='lat' dir='ltr'>et,</span> <span class='ocrx_word' id='word_1_281' title='bbox 400 3146 449 3190; x_wconf 73' lang='lat' dir='ltr'>roy.</span> <span class='ocrx_word' id='word_1_282' title='bbox 462 3134 526 3177; x_wconf 70' lang='lat' dir='ltr'>lien.</span> <span class='ocrx_word' id='word_1_283' title='bbox 542 3140 587 3179; x_wconf 77' lang='grc'>152.</span> <span class='ocrx_word' id='word_1_284' title='bbox 642 3158 665 3168; x_wconf 81' lang='lat'><em>-</em></span> <span class='ocrx_word' id='word_1_285' title='bbox 680 3144 712 3181; x_wconf 79' lang='lat'>35.</span> <span class='ocrx_word' id='word_1_286' title='bbox 724 3135 911 3187; x_wconf 71' lang='lat' dir='ltr'>rcacmsttudincc,</span> <span class='ocrx_word' id='word_1_287' title='bbox 925 3139 1018 3188; x_wconf 85' lang='lat' dir='ltr'>parents.</span> <span class='ocrx_word' id='word_1_288' title='bbox 1037 3160 1063 3171; x_wconf 86' lang='lat'><em>-</em></span> 
     </span>
    </p>
   </div>
   <div class='ocr_carea' id='block_1_4' title="bbox 0 0 1171 3500">
    <p class='ocr_par' dir='ltr' id='par_1_7' title="bbox 0 0 1171 3500">
     <span class='ocr_line' id='line_1_36' title="bbox 0 0 1171 3500; baseline 0 0"><span class='ocrx_word' id='word_1_289' title='bbox 0 0 1171 3500; x_wconf 95' lang='lat' dir='ltr'> </span> 
     </span>
    </p>
   </div>
  </div>
 </body>
</html>
