2317 3500
96 194 177 277 [uov.
194 196 261 282 333]
454 215 547 259 uranu
561 161 619 260 ru.
947 205 985 260 la

96 334 156 386 rant
167 330 280 402 captivae
294 335 386 388 mater
402 330 560 402 coniuxque
577 329 655 384 Darii
671 351 678 383 ε
695 328 752 394 illa,
765 345 822 385 non
836 331 984 403 maJestate

96 420 194 488 solum,
205 421 253 475 sed
267 420 353 476 etiam
365 422 450 475 aetate
463 417 643 486 venerabilis,
652 418 739 471 haec³⁴
752 418 849 474 lormae
861 420 983 490 pulchri-

95 508 188 564 tudine
205 526 240 564 ne
262 509 310 564 illa
331 508 449 580 quidem
473 510 549 561 sorte
568 508 718 575 corruptae.
735 504 888 577 Receperat
900 509 929 564 io
945 510 983 565 si-

95 613 160 650 num
183 596 271 652 silium
296 597 425 652 nondum
446 598 557 650 sextum
573 610 680 650 annum
694 594 784 649 aetatis
797 601 982 666 egressumssl,

96 683 123 738 in
141 700 219 754 spem
234 687 318 739 tantae
337 685 472 751 fortunae,
491 689 627 753 quantam
641 684 721 751 pater
738 680 799 752 ejus
818 684 901 751 paulo
920 689 984 740 ante

96 771 233 842 amiserat,
251 772 389 844 genitum.
408 770 462 842 [25]
479 771 514 824 At
527 770 554 825 in
569 771 679 842 gremio
691 785 763 824 anus
777 770 845 824 aviae
857 771 984 841 jacebant

97 859 195 914 adultae
216 859 277 914 duae
296 860 435 931 virgines,
459 875 516 914 non
538 875 590 914 suo
608 861 730 928 tantum,
746 857 895 913 sedetiam
911 858 985 914 illius

9 981 10 988 κ
97 965 210 1006 maerore
226 949 368 1004 conlectae.
384 947 489 1019 Ingens
501 947 574 1002 circa
586 964 648 1002 eam
662 947 800 1004 nobilium
817 946 985 1003 feminarum

97 1035 178 1089 turba
195 1035 373 1104 constiterat,
397 1033 527 1090 laceratis
547 1033 672 1088 crinibus
695 1033 873 1104 abscissaque
896 1037 984 1104 reste,

96 1121 205 1193 pristini
223 1122 331 1179 decoris
352 1122 544 1186 immemores,
569 1123 684 1192 reginas
702 1121 885 1192 dominasque
912 1122 985 1178 veris

97 1214 247 1283 quondam,
262 1217 327 1269 tunc
341 1211 471 1268 alienis⁵⁰
485 1210 648 1266 nominibus
661 1210 833 1264 invocantes,
852 1209 905 1282 [26]
919 1210 986 1276 lllae,

97 1316 154 1355 suae
175 1301 341 1356 calamitatis
365 1299 475 1367 oblitae,
501 1297 529 1353 in
544 1301 609 1354 utro
631 1314 719 1352 cornu
734 1297 837 1352 Darius
852 1298 986 1366 stetisset,

98 1406 158 1460 quae
173 1391 285 1445 lortuna
307 1387 479 1445 discriminis
499 1386 609 1454 luisset,
628 1386 831 1458 requirebant:
848 1389 987 1459 negabant

99 1493 128 1532 se
142 1481 244 1548 captas,
265 1477 288 1532 si
302 1477 410 1532 viveret
424 1491 482 1530 rex,
505 1473 561 1529 Sed
578 1473 668 1541 illum,
686 1489 773 1545 equos
793 1474 912 1531 subinde
926 1493 989 1530 mu·

102 1568 217 1634 tantem,
242 1565 356 1636 longius
378 1564 447 1635 luga
473 1563 639 1618 abstulerat.

135 1653 187 1724 [22]
197 1652 228 1708 ln
239 1653 296 1708 acic
311 1655 406 1706 autem
421 1667 492 1705 caesa
506 1653 573 1704 sunt
589 1649 741 1704 Persarum
754 1647 910 1720 peditumt:
926 1650 990 1704 mil-

102 1739 145 1808 lia,
166 1742 261 1798 decem
282 1739 418 1812 equitum.
441 1739 476 1793 At
497 1755 513 1793 a
535 1741 616 1808 parte
627 1736 776 1793 Alexandri
798 1737 834 1791 ad
857 1741 991 1807 quattuor

101 1827 194 1885 millio
209 1828 356 1901 quingenti
372 1828 460 1884 saucii
475 1828 565 1894 suere,
590 1842 623 1880 ex
646 1826 786 1896 peditibus
808 1841 856 1879 ecc
877 1830 991 1886 omnino

102 1919 129 1970 et
149 1917 203 1973 duo
226 1918 376 1973 desiderati
397 1921 474 1984 sunt,
499 1914 630 1986 equitum
648 1917 763 1971 centum
787 1912 993 1988 quinquaginta

103 2003 277 2061 interlecti⁵⁷.
289 2006 409 2062 Tantulo
424 2002 568 2075 impendio
584 2001 685 2075 ingens
699 1998 816 2058 victoria
830 2001 919 2058 stetit.

148 2223 265 2273 Gonduite
277 2224 463 2274 d’dlexanorea
478 2223 576 2343 gaggid·
584 2222 615 2271 de
627 2223 651 2272 la
663 2224 731 2272 mere
743 2228 768 2273 et
779 2224 810 2273 de
822 2224 846 2272 la
857 2223 949 2273 lemme
970 2214 975 2222 '

495 2310 508 2344 e
541 2308 617 2343 arius.

139 2434 197 2490 Xll.
222 2435 254 2509 [1]
276 2437 333 2493 Rex
352 2437 466 2508 quidem
489 2437 605 2491 Darium
630 2438 825 2511 persequendo
847 2436 992 2510 fatigatus,

106 2524 252 2593 postquam
267 2527 295 2579 et
316 2541 371 2580 nox
394 2525 563 2595 appetebat¹¹
581 2529 610 2581 et
631 2525 835 2598 consequendi²
854 2542 918 2597 spes
938 2542 993 2581 non

108 2612 177 2675 erat,
194 2609 221 2664 in
241 2616 334 2666 castra
352 2614 436 2684 paulo
455 2616 519 2667 ante
538 2629 554 2667 a
569 2613 629 2668 suis
643 2618 724 2684 capta
742 2613 877 2684 pervenit.
893 2613 929 2685 [2]
952 2613 994 2667 ln-

107 2696 189 2751 vitari
209 2699 309 2755 deinde
324 2699 428 2755 amicos
449 2700 551 2772 quibus
566 2702 687 2758 maxime
705 2706 883 2758 assueverat³
899 2698 994 2770 jussit,

107 2784 208 2857 quippe
223 2804 334 2844 summa
353 2789 499 2845 dumtaxat
511 2789 584 2845 cutis
607 2790 636 2845 in
653 2791 756 2847 lemine
770 2788 919 2861 perstricta
940 2802 996 2840 non

107 2953 196 2996 donicus
208 2967 214 2997 ι
231 2960 263 2999 cet
273 2969 338 3009 usage
348 2959 401 2999 n'est
414 2969 450 3010 pes
457 2961 525 2998 autre·
578 2958 662 3011 plus-
669 2962 703 2998 37.
710 2952 824 3002 interfecti
833 2965 840 2990 :
848 2958 902 3001 pour
909 2948 939 2988 les
946 2946 999 2989 chil-

108 3022 166 3057 ment
175 3029 249 3060 connu.
257 3042 283 3051 -—
296 3024 329 3063 al.
337 3021 393 3071 baee,
403 3030 450 3073 roy.
462 3020 524 3061 Rau.
579 3019 682 3067 tresvoy.
690 3016 749 3056 Dico.
758 3013 815 3052 Hier.
828 3020 854 3049 au
871 3012 997 3077 melissus.

108 3083 211 3122 33-33.
219 3081 401 3135 eqrmsum,dans
415 3081 433 3122 la
445 3092 495 3123 sens
503 3081 527 3121 de
607 3078 653 3120 ΧΗ.
668 3082 686 3116 l.
699 3068 998 3125 apparebat,approcba1t.-

110 3137 244 3191 cepionem,
257 3140 311 3183 n'est
326 3154 364 3196 pas
380 3139 491 3193 classique.
501 3164 528 3171 —
581 3147 601 3180 2.
612 3130 775 3185 consequendi,
787 3127 884 3179 superae
890 3128 999 3171 nmero·

111 3199 529 3259 86.olimio,quineleurappartiennent
582 3221 609 3229 -
621 3203 641 3241 3.
654 3194 738 3248 nullm
752 3198 856 3231 mm
868 3188 1001 3233 wwma‘
