2317 3500
108 243 213 328 [urvsn
228 245 298 330 331]
476 269 569 313 urssn
589 270 620 312 v,
940 258 991 313 131

138 377 189 452 [36]
210 379 325 435 Diutius
344 378 373 446 in
393 380 446 437 hac
465 383 535 439 urbe
553 399 639 455 quam
657 400 778 457 usquam
794 385 920 441 constitit
934 401 993 446 rex,

106 468 228 525 necatio
251 468 313 524 loco
338 466 491 540 disciplinae
517 471 633 526 militari
662 473 753 545 magis
779 473 897 530 nocuit:
924 472 995 528 nihil

106 557 178 613 urbis
196 558 258 630 ejus
278 558 439 630 corruptius
459 560 596 624 moribus,
623 560 695 616 nihil
716 564 751 618 ed
769 561 920 618 irritandas
942 559 995 616 illi·

105 646 268 719 ciendasque
283 646 448 704 immodicas
462 649 630 719 cupiditates
648 649 826 706 instructius.
848 650 901 724 [37]
918 649 998 704 Con-

106 734 204 792 vivales
217 734 277 791 ludi
285 739 307 772 ⁰¹
324 739 384 792 tota
399 736 516 793 Perside
538 739 654 810 regibus
672 738 892 810 purpuratisque
918 737 995 793 cordi

104 827 177 893 sunt,
206 823 352 895 Babylonii
383 824 503 881 maxime
524 825 552 880 in
576 825 674 882 vinum
697 830 725 882 et
748 843 811 899 quae
834 825 995 882 ebrietatem

105 913 259 983 sequuntur
268 912 349 968 effusi
362 916 439 968 sunt.
460 912 567 987 [38-39]
583 913 659 971 Inter
669 916 727 971 haec
737 915 845 988 flagitia
856 913 995 970 exercitus

105 999 150 1054 rlle
165 999 315 1056 domitur*
327 1001 400 1057 Asiae
414 1018 464 1072 per
484 1018 567 1057 xxxrv
588 1002 649 1058 dies
664 1006 821 1077 saginatus,
836 1004 872 1059 ad
885 1019 919 1059 ea
932 1018 995 1074 quae

104 1089 291 1160 sequebantur
299 1089 463 1147 discrimina
472 1090 547 1146 haud
556 1090 640 1147 dubie
657 1092 775 1149 debilior
789 1090 994 1148 tuturusluit⁸³

103 1174 127 1230 si
140 1176 252 1232 hostem
265 1177 420 1234 habuisset.

138 1263 279 1332 Ceterum,
288 1281 343 1336 quo
354 1266 449 1321 minus
461 1267 595 1322 damnum
606 1267 736 1333 sentiret,
744 1266 897 1323 identidem
905 1266 995 1321 incre·

103 1356 226 1408 ruent0⁸⁴
237 1355 433 1409 renovabatur.
448 1355 499 1427 [lo]
512 1355 640 1428 Namque
648 1358 783 1427 Amyntas
791 1354 962 1411 Andromeni
970 1358 993 1392 ⁶⁵

103 1440 137 1495 ab
159 1440 306 1512 Antipatro
332 1441 515 1498 Macedonum
540 1443 668 1514 peditum
692 1461 720 1498 vi
747 1443 836 1499 millia
868 1441 993 1507 adduxit,

104 1531 275 1599 upraetcrea
295 1528 421 1602 ejusdem
447 1531 559 1602 generis
580 1530 703 1602 equites,
729 1531 781 1605 [Al]
804 1547 867 1587 cum
893 1530 937 1585 his
960 1547 995 1586 uo

103 1616 262 1688 Thmcasu,
272 1618 411 1690 adjunctis
420 1618 560 1691 peditibus
568 1622 657 1674 suae⁰⁷
668 1620 761 1692 gentis
778 1638 809 1676 111
824 1618 950 1674 millibus
961 1635 993 1685 n3

103 1708 130 1761 et
139 1722 172 1762 en
186 1706 378 1777 Peloponneso
391 1707 603 1765 mercennarius
618 1707 698 1765 miles
705 1711 729 1744 ⁶⁸
743 1709 777 1764 ad
791 1724 819 1765 iv
834 1705 923 1763 millia
942 1705 995 1761 ad-

102 1799 217 1851 venerat
237 1811 302 1850 cum
323 1795 474 1867 nongentis
495 1794 640 1865 octogiuta
662 1796 814 1866 equitibus.
840 1792 893 1865 [tt]
918 1791 995 1850 ldcrn

101 1884 237 1953 Amyntas
265 1884 419 1940 adduxerat
441 1903 458 1941 1.
477 1884 638 1955 principum
659 1883 827 1938 Macedoniae
854 1881 992 1936 liberos⁸⁹

102 1972 214 2028 adultos
231 1973 267 2029 ad
283 1974 439 2029 custodiam
462 1972 613 2043 corporis:
634 1971 737 2043 quippe
753 1972 827 2027 iuter
848 1969 946 2041 epulas
966 1968 995 2022 hi

101 2062 170 2115 sunt
186 2058 263 2131 regis
275 2058 409 2129 ministri,
422 2058 565 2131 iidemque
586 2074 674 2130 equos
689 2057 853 2115 ineuntibus
863 2055 994 2128 proeliunr

101 2150 254 2205 admovent
268 2153 457 2222 venantesque
474 2150 656 2221 comitantur,
683 2154 711 2206 et
732 2149 896 2223 vigiliarum
919 2146 995 2202 vices

100 2242 169 2293 ante
183 2237 302 2293 cubiculi
319 2238 394 2295 iores
406 2244 538 2296 servant:
554 2255 781 2312 magnorumque
798 2237 995 2310 praefectorum

99 2328 130 2381 et
145 2326 249 2381 ducum
260 2326 318 2381 haec
332 2325 505 2383 incrementa
519 2331 588 2383 sunt
601 2331 630 2383 et
643 2326 844 2383 rudimentum.

137 2412 190 2486 {le}
201 2411 291 2485 Igitur
300 2429 358 2484 rex,
371 2413 428 2469 arci
440 2414 589 2486 Babylonis
599 2416 744 2487 Agathone
753 2411 904 2485 praesidere
914 2412 995 2485 jusso

98 2517 167 2555 cum
186 2500 370 2573 septingentis
384 2501 567 2558 Macedonum
580 2501 771 2573 trecentisque
785 2502 912 2559 mercede
928 2518 995 2558 con·

98 2586 205 2656 ductis,
216 2592 388 2660 praetores⁷¹,
404 2588 453 2661 qui
465 2589 574 2663 regioni
587 2589 748 2663 Babylonis
761 2606 794 2647 cc
804 2589 908 2647 Ciliciae
919 2608 1003 2663 prae--

96 2805 201 2861 pomis.
221 2824 248 2834 -
265 2810 299 2848 tt.
313 2804 443 2847 mucules
462 2804 521 2858 ludi,
546 2813 551 2881 q
574 2805 675 2861 equitant
696 2807 708 2848 l
726 2806 769 2858 quc·
788 2805 912 2859 adjunctos
930 2804 995 2845 bobo

96 2866 215 2921 semmel.
223 2866 310 2908 ΗΜ-
316 2872 349 2910 02.
355 2867 465 2918 domitor,
472 2879 520 2922 roy.
574 2870 629 2911 bunt
642 2868 737 2921 pedites,
756 2873 778 2910 et
789 2868 814 2919 Q.
827 2866 895 2908 Curso
910 2864 948 2906 isit
959 2864 995 2906 dd·

96 2930 166 2970 Rau.
183 2933 217 2971 tt.
234 2948 261 2959 -
279 2933 312 2972 ω.
326 2928 380 2979 suit
399 2940 448 2983 rep.
458 2929 521 2972 Meris.
574 2932 652 2985 pondre
663 2930 682 2972 le
694 2928 831 2984 possessiidu
843 2926 899 2979 suist
909 2925 994 2981 legique

99 2996 150 3035 ¹³7.
159 2990 422 3041 -sutuerommeues
430 3000 520 3034 recrues.
573 2992 622 3046 qui.
636 3015 662 3023 -
674 2998 708 3036 ot.
716 2990 792 3040 mites,
802 2999 849 3043 roy.
862 2988 925 3029 Rem.
935 2993 961 3031 to
973 2990 993 3032 b.

96 3074 127 3083 -
144 3050 182 3096 oe'.
198 3052 351 3106 Andromeni,
362 3064 411 3108 roy.
421 3052 484 3095 uem.
497 3060 521 3098 tt
573 3078 600 3086 -
609 3061 642 3099 ts.
656 3054 748 3103 uberes,
765 3050 952 3103 sopotecluse.
967 3063 994 3094 su

96 3116 121 3155 ot
142 3120 192 3158 20⁹.
210 3136 237 3146 -
252 3118 287 3158 tt.
312 3114 423 3166 resecas,
446 3120 519 3159 sent.
574 3112 995 3168 metrum.-lo.increrrtento‚pd·

97 3176 197 3228 «Μία,
210 3188 258 3232 toy.
268 3178 331 3224 uun.
347 3185 380 3223 21.
392 3200 420 3211 -
430 3182 464 3221 et.
474 3188 522 3221 m
574 3180 666 3234 pinitre3
674 3174 992 3229 metumquuppnnumge:

98 3248 159 3290 pour
174 3239 521 3296 sorumfodp‘meticpsdc'ttbus
574 3253 623 3289 ror.
641 3240 703 3284 Rus.
722 3240 757 3283 tt·
776 3258 803 3267 -
819 3242 852 3281 tt.
876 3242 994 3291 pretores,
