2317 3500
158 42 215 98 256
483 49 513 101 o.
535 42 628 91 cunrr
650 44 723 89 surr
890 26 963 105 [ἑτέ
985 33 1064 111 339]

158 162 260 230 amico,
276 159 350 215 mori
364 156 474 215 statuit.
488 158 551 212 Una
559 158 627 220 ‘erat
641 172 718 221 cura,
733 171 768 211 ne
783 154 891 211 inultus
905 155 1061 214 occideret.

161 252 268 323 ltaque,
290 247 412 305 subditis
434 244 590 303 calcaribus
612 260 697 317 equo,
720 243 749 299 in
772 243 881 299 medios
895 244 1014 300 [ιοῆιίε45
1028 262 1064 303 se

158 339 287 407 immisit,
311 341 351 407 et,
372 332 550 391 memorabili
573 332 649 388 edita
662 348 768 406 pugna,
790 334 910 389 obrutus
924 333 989 390 telis
1003 338 1060 391 est.

160 428 213 503 [38]
237 426 319 494 Quod
344 425 393 482 ubi
415 423 511 481 ridere
539 422 588 495 qui
612 422 682 478 caedi
710 425 889 494 supererant,
913 423 1063 481 tumulum
1150 494 1151 499 η

157 517 241 590 paulo
262 532 349 590 quam
365 516 459 570 cetera
472 511 622 590 editiorem
644 509 777 581 capiunt:
794 528 866 583 quos
882 511 1062 583 Spitamenes

158 609 231 665 lame
244 607 276 662 iu
292 602 464 660 deditionem
477 600 647 656 subacturus
662 600 781 656 obsedit.
799 600 931 658 Cecidere
944 618 977 658 eo
988 618 1062 674 proe-

158 698 196 753 lio
221 694 349 768 peditum
371 708 392 748 rr
414 689 514 758 millia,
537 688 726 761 mesquites.
756 688 808 762 [39]
835 689 928 755 Quam
947 692 1062 750 cladem

158 782 314 840 Alexander
327 780 436 837 sollerti
449 777 567 835 consilio
582 778 660 849 texit,
675 780 767 834 morte
782 779 949 837 denuntiata
961 780 996 838 iis
1010 781 1062 855 qui

159 871 301 945 exproolio
314 872 498 937 advenerant,
512 867 536 923 si
550 871 614 924 acta
625 867 801 941 vulgasseut.

407 1119 525 1169 discours
536 1117 581 1167 des
593 1118 700 1181 euvopds
711 1116 818 1181 scythes.

195 1264 269 1320 Vlll.
280 1264 314 1336 [1]
326 1263 544 1330 Ceterum,cum
559 1260 654 1317 animo
668 1260 810 1332 disparem
824 1262 936 1317 vultum
951 1260 1067 1321 diutius

160 1355 234 1409 terre
248 1369 306 1407 non
320 1354 425 1423 posset,
440 1350 468 1404 in
482 1350 707 1417 tabernaculum,
729 1365 813 1420 super
827 1350 919 1421 ripam
935 1350 1068 1409 lluminis

160 1444 195 1497 de
209 1440 350 1495 industria
372 1440 506 1507 locatum,
525 1438 651 1495 secessit.
667 1438 700 1511 [2]
722 1437 761 1494 lbi
777 1439 838 1495 sine
862 1439 976 1495 arbitris
1001 1440 1069 1497 sin-

160 1529 228 1603 gula
241 1528 327 1583 animi
350 1528 481 1583 consulta
500 1528 660 1606 pensando,⁴
680 1530 792 1583 noctem
803 1527 911 1599 vigiliis
927 1529 1066 1600 extraxit,

161 1636 234 1690 saepe
247 1618 367 1689 pellibus
388 1617 560 1672 tabernaculi
581 1615 720 1684 allevatis,
741 1620 774 1672 ut
797 1617 972 1688 conspiceret
995 1618 1067 1676 hos-

160 1705 233 1761 tium
256 1705 347 1777 ignes
368 1720 383 1760 e
403 1704 505 1776 quihus
524 1702 683 1776 conjectare
707 1707 820 1776 poterat
841 1708 947 1778 quanta
969 1705 1070 1764 homi-

161 1810 230 1849 num
252 1793 404 1864 multitudo
426 1796 510 1850 osset.
536 1792 570 1866 [3]
595 1796 713 1864 Jamque
728 1793 776 1848 lux
801 1795 958 1866 appetebat,
983 1813 1066 1868 cum,

161 1884 306 1938 thoracem
316 1881 461 1947 indutus¹‚
473 1880 601 1952 procedit
616 1883 650 1936 ad
663 1880 777 1952 milites,
787 1885 848 1937 tum
861 1883 984 1954 primum
996 1891 1069 1955 post

161 1973 265 2027 vulnus
278 1969 406 2042 proxime
421 1974 574 2041 acceptum.
597 1968 630 2040 [l]
648 1963 738 2032 'lanta
752 1975 812 2026 erat
827 1973 900 2043 apud
916 1988 964 2027 eos
979 1989 1068 2031 vene·

161 2060 235 2116 ratio
262 2059 350 2131 regis,
377 2060 411 2113 ut
432 2057 512 2112 facile
534 2056 652 2126 periculi
677 2059 752 2128 quod
776 2045 929 2115 horrebant
953 2061 1069 2133 cogita-

161 2147 268 2204 tionum
280 2145 429 2218 praesentia
443 2145 505 2217 ejus
520 2147 671 2200 excuteret.
683 2144 716 2217 [5]
729 2146 796 2200 Laeti
810 2162 889 2220 ergo,
903 2150 931 2202 ot
943 2165 1069 2207 manan-

162 2237 239 2291 tibus
252 2234 356 2307 gaudio
370 2232 505 2297 lacrimis,
527 2235 707 2288 consalutant
730 2251 804 2305 oum,
831 2240 870 2306 et,
895 2238 972 2309 quod
997 2246 1068 2300 anto

162 2325 373 2390 recusaverant,
388 2321 495 2377 bellum
507 2320 615 2377 feroces
628 2323 793 2393 deposcunt.
806 2323 840 2396 [6]
852 2323 903 2380 Ille
913 2327 1068 2388 seratibus

163 2411 288 2485 equitem
311 2411 831 2483 phalangemquc²transportaturum
851 2429 913 2469 esse
938 2431 1070 2486 pronun-

163 2499 232 2566 tiat3
247 2514 334 2571 super
347 2501 426 2554 utres
432 2498 514 2571 jubet
525 2515 594 2556 nare
607 2499 698 2556 levius
714 2505 848 2558 armatos.
862 2502 897 2575 [7]
911 2503 999 2561 Plura
1012 2524 1068 2564 nec

164 2587 217 2644 dici
228 2604 275 2644 res
287 2587 467 2656 desideravit,
478 2603 530 2644 nec
538 2605 588 2645 rex
597 2589 690 2646 dicore
700 2606 750 2660 per
757 2590 948 2648 valetudinem
959 2595 1066 2664 potuit.

200 2677 234 2751 [8]
258 2676 392 2734 Ceterum
413 2681 493 2733 tanta
522 2677 669 2734 alacritate
693 2678 817 2734 militum
839 2683 915 2736 rates
936 2681 1069 2752 junctae⁵

165 2897 212 2937 tout
223 2894 353 2949 particular,
364 2892 457 2949 quotque
469 2894 512 2935 tres
521 2891 582 2943 latio,
665 2894 720 2938 Vlll.
734 2902 751 2938 l.
769 2897 886 2938 thoracem
898 2897 1005 2951 indutus,
1016 2913 1068 2956 vop.

164 2961 186 2998 st
203 2955 288 3010 signius
303 2957 484 3010 porion—105.
501 2954 584 3004 coum,
639 2957 702 2998 Ruso.
720 2963 753 3002 ut.
770 2979 798 2990 —
813 2963 833 3000 2.
845 2959 995 3016 pholonpcm,
1015 2974 1068 3020 roy.

165 3029 213 3072 vop.
224 3018 329 3063 Romae.
639 3018 795 3064 niumm-
806 3019 1066 3076 &iunctmooustruits
