2317 3500
113 205 220 274 tervan
233 197 288 250 331
293 210 303 270 p
484 205 578 249 arnna
600 205 630 248 v.
949 189 1001 245 143

111 321 165 389 nia,
177 337 239 393 quae
248 318 421 374 terribiliora
432 333 486 372 nox
498 316 612 386 lecerat,
625 315 729 372 minuit
744 335 751 370 ε
771 314 912 372 circumiri
923 311 1002 370 brevi

111 407 199 479 spatio
213 408 325 479 poterat
340 403 488 473 eluvies“,
499 408 528 459 et
544 403 599 460 sibi
617 404 737 476 quisque
754 405 810 460 dux
822 401 932 458 itineris
950 415 1005 461 toe-

111 497 188 567 perat
207 493 278 548 lieri.

146 583 197 656 [33]
210 582 340 638 Evadunt
348 596 417 653 ergo
432 580 461 634 in
475 578 582 635 editum
594 578 746 635 verticem:
761 595 794 635 ex
809 595 864 650 quo
879 577 1005 638 hostium

112 670 232 726 statione
250 671 408 740 conspecta,
424 671 539 724 strenue
558 667 659 724 armati
675 671 786 739 atergo
803 683 833 722 se
852 669 1006 728 ostendunt

113 760 181 814 nibil
196 761 252 815 tale
262 756 454 814 metuentibus
462 762 495 824 ⁵⁵3
505 756 725 830 quorumpauci‚
741 756 788 828 qui
800 755 933 828 congredi
944 753 1005 813 ausi

113 851 202 916 erant,
222 847 285 904 caesi
303 849 380 903 sunt.
402 845 455 919 [28]
474 845 572 916 Itaque
590 845 656 901 hinc
671 843 854 901 morientium
870 843 1004 916 gemitus,

113 935 178 990 hinc
197 934 232 989 ad
255 951 321 991 suos
345 933 551 1008 recurrentium
577 932 747 989 miserabilis
767 931 861 997 iacies„
879 935 1005 1004 integros

115 1037 236 1094 quoque,
264 1024 415 1093 antequam
442 1019 592 1075 discrimen
621 1018 825 1091 experirentur,
854 1018 883 1073 in
908 1019 1005 1092 lugam

115 1109 224 1166 avertit.
255 1108 304 1181 [33]
330 1107 456 1164 Fremitu
486 1107 588 1162 deinde
611 1105 640 1162 in
664 1109 758 1162 cestra
779 1108 844 1178 quis
872 1107 1005 1163 Craterus

113 1198 281 1271 praesidebat
292 1197 383 1262 illato,
395 1196 429 1252 ad
439 1195 614 1266 occupandas
627 1195 783 1267 angustias,
797 1195 826 1250 in
838 1195 940 1267 quibus
951 1195 1006 1268 pri-

115 1287 159 1341 die
172 1285 323 1354 haeserant,
337 1281 419 1338 miles
433 1281 570 1339 educitur.
589 1282 639 1355 [30]
656 1282 747 1338 Simul
761 1285 790 1338 et
804 1282 930 1340 Philotas
942 1301 1005 1340 cum

113 1374 316 1445 Polyperconte
330 1372 506 1443 Amyntaque
524 1373 554 1427 et
566 1369 652 1427 Coeno
668 1371 811 1427 diversum
830 1371 883 1428 iter
897 1372 1006 1446 ingredi

67 1473 71 1476 ’
112 1461 220 1533 jussus,
230 1459 317 1514 alium
329 1461 468 1513 terrorem
476 1457 572 1513 intulit
580 1459 718 1514 barbaris.
734 1458 786 1530 [31]
797 1457 926 1531 Undique
938 1477 1006 1532 ergo

115 1549 301 1604 Macedonum
314 1545 401 1602 armis
410 1546 622 1619 fulgentibus³⁶‚
637 1546 751 1618 ancipiti
757 1548 860 1604 ⁵⁷malo
869 1550 1005 1620 oppressi,

114 1634 296 1691 memorabile
311 1637 406 1689 temen
420 1634 551 1704 proelium
568 1635 666 1690 edunt.
689 1635 727 1690 Ut
741 1635 851 1706 opinor,
867 1636 1007 1708 ignaviam

114 1740 226 1797 quoque
247 1721 401 1781 necessitas
420 1722 495 1778 acuit
516 1726 544 1778 et
564 1738 637 1796 saepe
662 1723 821 1795 desperatio
844 1725 903 1795 spei
924 1741 1008 1781 causa

115 1815 169 1869 est.
178 1812 229 1885 [32]
239 1810 345 1868 Νιιᾱὶ88
358 1809 616 1881 complectebantur
630 1815 763 1883 armatos,
777 1816 805 1867 et
823 1810 931 1884 ingenti
946 1829 1008 1868 cor-

114 1916 216 1971 porum
237 1900 311 1956 mole
334 1915 431 1954 secum
449 1902 555 1954 terram
579 1898 770 1968 detrahentes,
797 1898 921 1968 ipsorum
946 1900 1033 1957 telis'

114 1990 264 2061 plerosque
282 1987 436 2043 fodiebant.
457 1986 508 2059 [33]
523 1986 727 2043 Ariobarzanes
752 1990 856 2054 tamen,
872 2004 907 2043 xa
922 1988 1009 2045 ferme

114 2075 257 2147 equitibus
264 2077 292 2129 et
301 2073 450 2155 vmillibus
459 2071 585 2145 peditum
593 2073 723 2145 stipatuS,
733 2090 783 2145 per
790 2074 911 2130 mediam
922 2074 1009 2130 aciem

116 2164 300 2219 Macedonum
317 2178 382 2218 cum
395 2163 485 2218 multo
504 2179 622 2219 suornm
635 2166 719 2234 atque
732 2162 857 2219 hostium
872 2162 1009 2233 sanguine

115 2249 220 2320 erupit,
236 2248 409 2320 Persepolim
427 2249 537 2319 urbem,
552 2252 636 2320 caput
651 2248 786 2321 regionis,
803 2264 938 2319 occupare
955 2248 1011 2305 les-

115 2336 221 2392 tinans.
231 2337 282 2409 134]
292 2336 349 2392 Sed
361 2337 547 2393 acustodibus
557 2336 635 2392 urbis
648 2337 816 2401 exclususw,
824 2336 1011 2392 consecutis⁴⁰

116 2428 233 2479 strenue
254 2425 398 2494 hostibus,
420 2442 484 2481 cum
508 2425 639 2481 omnibns
657 2426 731 2497 fugae
750 2423 900 2480 comitibus
926 2440 1010 2481 reno-

115 2517 183 2568 vato
205 2512 301 2584 prmlio
322 2512 431 2569 cecidit.
460 2512 595 2569 Craterus
616 2528 737 2587 quoque,
770 2513 874 2585 raptim
898 2514 1011 2587 agmine

117 2601 192 2664 acto,
205 2598 375 2671 supervenit.

116 2779 152 2817 est
164 2774 334 2828 post-classique.
351 2796 378 2805 -
394 2778 427 2817 33.
446 2773 539 2824 ducta,
593 2780 625 2818 37.
643 2775 751 2827 caespiti,
770 2785 817 2829 roy.
831 2774 895 2817 lim.
914 2781 939 2817 33
953 2774 974 2815 b.
991 2797 1011 2804 -=

116 2835 253 2879 euladius
276 2848 370 2891 occupo.
390 2858 417 2866 —
441 2842 473 2879 35.
492 2847 540 2877 me
593 2841 626 2879 33.
647 2836 715 2887 nudi,
734 2846 814 2877 comme
828 2842 902 2889 γύμνοι,
917 2844 1013 2876 sanser·

118 2897 244 2948 mcum,
260 2897 358 2951 supplem
381 2896 494 2937 bosllbuc.
514 2918 540 2925 -
593 2906 645 2938 mes.
659 2917 685 2927 -
697 2901 730 2939 33.
743 2894 859 2943 mausus,
877 2894 960 2947 n'ayant
976 2904 1013 2946 pus

118 2964 154 3003 33.
167 2958 315 3012 tutantibus,
330 2958 349 3000 lc
364 2956 466 3013 participe
485 2956 540 2999 aici
594 2957 626 2998 ete'
642 2968 692 3013 recu
712 2976 739 2986 -
754 2958 787 3001 lc.
807 2956 934 2999 consecutis
965 2966 1012 3009 roy.

118 3019 141 3063 le
171 3030 222 3064 canc
252 3020 363 3074 concessit,
389 3020 493 3074 pemmo.
515 3040 541 3050 -
594 3020 655 3063 Hem.
670 3025 715 3062 las.
