2317 3500
90 222 147 300 [le
161 227 222 300 aalp
432 225 554 268 LmER
579 225 621 267 W·
949 223 985 276 87

119 351 163 422 llll
177 350 360 419 Amphoterus
371 338 499 412 deinde,
517 340 626 396 classis
641 347 796 417 praefectus
813 349 847 403 ad
861 348 985 404 liberan-

91 439 146 493 dam
158 436 262 492 Cretam
282 431 390 489 missus
414 460 453 470 -
470 446 609 501 namque
622 433 650 486 et
665 430 816 488 Persarum
828 438 855 490 et
870 435 981 507 Sparta·
1055 457 1058 461 ·

91 541 184 582 norum
206 523 287 578 armis
310 520 486 592 pleraque’⁸
506 519 577 592 ejus
602 517 701 575 insulae
724 521 925 579 obsidebantur
950 555 984 567 -

91 611 250 670 auteomnia
262 625 338 667 mare
352 625 369 664 a
381 607 519 680 piraticis
543 607 682 664 classibus
702 609 842 666 vindicare
857 611 954 684 jussus
974 633 981 667 :

90 703 186 775 quippe
201 699 346 755 obnoxium
359 699 551 771 praedonibus
566 700 635 762 erat,
656 696 689 752 in
708 699 813 753 bellum
835 702 984 772 utroque²⁹

91 807 154 863 rege
175 803 317 843 converso.
343 787 393 859 [lo]
418 787 473 843 llis
499 785 680 856 compositis,
708 786 822 842 Herculi
842 787 925 857 Tyrio
951 803 984 842 ex

91 895 159 935 auro
172 879 339 932 crateram⁵o
357 894 421 932 cum
443 893 501 933 xxx
523 875 631 946 pateris
639 881 661 912 ⁵¹
678 874 781 930 dicarit
796 894 803 928 :
820 874 984 930 imminens·

92 984 145 1041 que
160 965 242 1021 Dario
255 965 289 1020 ad
303 963 463 1035 Euphraten
479 965 536 1019 iter
552 961 731 1034 pronuntiari
745 962 840 1035 jussit.

93 1231 178 1281 uarius
187 1229 269 1280 arrive
279 1229 446 1279 dhrbeles.-
455 1227 595 1279 Alexandre
605 1243 678 1294 passe
689 1229 829 1295 l’Euphrate
837 1235 862 1280 et
869 1231 891 1281 le
901 1231 982 1295 Tigre.

128 1398 173 1454 lX.
188 1398 221 1470 [l]
236 1395 394 1467 hillarius,
410 1411 475 1451 cum
488 1396 612 1467 AEgypto
625 1397 793 1454 devertisse¹
812 1399 841 1453 in
860 1398 980 1456 Africam

95 1488 203 1543 hostem
232 1483 424 1557 comperisset,
446 1483 627 1540 dubitaverat
655 1489 787 1541 utrumne
811 1487 900 1542 circa¹
922 1487 984 1544 Me-

95 1573 277 1646 sopotamiam
289 1572 464 1641 subsisteret,
477 1572 695 1629 an⁵interiora⁴
708 1575 789 1646 regni
804 1576 848 1631 sui
862 1579 981 1647 peteret,

95 1660 265 1717 hauddubie
291 1660 433 1730 potentior
457 1662 572 1714 auctor⁵
588 1665 732 1730 praesens⁶
748 1663 861 1718 iuturus
874 1663 983 1720 ultimis

96 1752 226 1823 gentihus
251 1747 372 1820 impigre
397 1749 503 1804 bellum
531 1750 707 1819 capessendi,
734 1766 805 1821 quas
830 1768 905 1823 aagre
933 1766 984 1823 per

96 1840 240 1909 praefectos
255 1853 322 1893 suos
337 1836 516 1893 moliebatur.
529 1836 562 1908 [2]
576 1836 641 1905 Sed,
655 1840 687 1891 ut
699 1836 807 1893 idoneis
822 1839 985 1895 auctoribus

95 1926 168 1983 lama
180 1925 307 1998 vulgavit
320 1924 509 1981 Alexandrum
523 1940 589 1979 cum
611 1922 742 1979 omnibus
758 1926 856 1996 copiis,
882 1942 984 1998 quam·

93 2030 213 2086 cumque
228 2014 288 2084 ipse
303 2013 416 2079 adisset,
441 2013 587 2086 regionem
611 2011 778 2083 petiturum,
802 2015 878 2070 haud
903 2014 985 2086 igna-

92 2117 143 2157 rus
157 2105 260 2174 quam⁷
274 2115 338 2154 cum
353 2104 467 2157 strenuo
486 2116 533 2155 res
547 2102 631 2170 esset,
648 2100 742 2157 omnia
763 2102 984 2174 longinquarum

92 2189 221 2260 gentium
234 2187 339 2243 auxilia
351 2189 556 2261 Babyloniam⁸
569 2188 697 2244 contrahi
719 2188 816 2262 jussit.
844 2189 985 2247 Bactriani

92 2277 260 2349 Scythaeque
274 2279 303 2331 et
324 2275 384 2332 ludi
402 2280 617 2344 convenerant⁹‚
640 2277 698 2349 jam
709 2283 732 2315 ¹⁰
748 2283 776 2335 et
796 2284 985 2335 ceterarum¹¹

89 2365 220 2437 gentium
239 2362 325 2433 copiae
341 2366 466 2435 partibus
476 2370 501 2401 ¹²
512 2363 598 2420 simul
619 2365 779 2423 adsuerunt.
797 2366 830 2439 [3]
854 2366 985 2423 Ceterum

89 2469 157 2507 cum
171 2450 289 2508 dimidio
304 2452 391 2508 terme
408 2453 498 2527 major
512 2456 589 2509 esset
598 2452 736 2510 exercitus
747 2471 832 2526 quarn
845 2454 873 2512 in
888 2454 986 2511 Cilicia

88 2655 148 2700 pour
162 2656 202 2687 son
217 2643 281 2699 parti.
301 2665 327 2677 -
346 2650 380 2688 28.
395 2645 513 2699 plorum,

86 2718 143 2759 vop.
164 2706 229 2747 Rem.
251 2712 284 2747 50.
304 2728 331 2737 -
352 2713 385 2750 29.
410 2712 514 2759 utroquo,

87 2766 214 2809 Alexandra
229 2771 250 2808 et
264 2767 346 2808 Darius.
363 2790 389 2798 —
398 2774 430 2813 30.
447 2772 517 2810 crate-

86 2841 157 2881 ram,
166 2840 215 2882 roy.
223 2828 285 2870 Rem.
300 2835 325 2872 2³
338 2833 361 2871 et
372 2835 417 2881 lah,
426 2834 448 2871 et
456 2829 516 2871 Dict.

88 2890 325 2942 [dict-alpadum,
335 2902 383 2945 vop.
393 2888 516 2933 Dictlliat.

117 2950 159 2993 IX.
186 2958 203 2994 l.
228 2951 356 3004 donatiano,
378 2964 428 3005 vop.
452 2951 516 2993 aem.

90 3018 132 3057 lot
146 3012 170 3054 b.
182 3034 209 3043 -
220 3017 240 3054 2.
255 3012 324 3067 mma,
337 3025 385 3069 vop.
395 3014 459 3055 Rern.
473 3019 517 3055 lta.

87 3094 120 3106 -
131 3078 156 3118 3.
172 3076 319 3120 ulmum...
332 3087 371 3128 cn,
389 3087 438 3129 roy.
454 3074 517 3116 Rem.

90 3139 144 3179 lod.
164 3156 194 3165 -
212 3138 233 3179 h.
249 3135 370 3190 maura,
390 3147 438 3191 vop.
456 3134 518 3177 aen.

90 3200 131 3241 5⁰.
151 3216 181 3228 ·-
201 3201 221 3242 t.
242 3202 329 3253 maor,
344 3198 480 3253 instigamur·
493 3218 519 3229 -

567 2646 985 2704 o.presens,c.-dd.:s'ilc'taitpreaent.

567 2726 594 2736 —
611 2712 631 2749 7.
650 2718 720 2759 quum
742 2710 823 2752 modilia
843 2718 946 2754 strenuo.
962 2730 988 2739 -

569 2774 588 2809 8.
604 2766 764 2823 Babyloniam,
778 2784 826 2827 roy.
841 2774 903 2815 Rem.
919 2777 951 2814 ³7.
962 2791 988 2800 -

568 2838 588 2875 9.
597 2840 756 2886 conuenerunt,
773 2836 851 2877 etaient
866 2834 922 2877 enlin
932 2830 988 2873 arri-

570 2894 606 2934 ves
616 2906 621 2934 :
631 2892 657 2944 Q.
670 2892 736 2937 Curae
748 2897 791 2948 (lll,
810 2908 835 2945 u,
849 2896 870 2950 e)
884 2894 916 2935 dit
925 2897 988 2946 qu'on

570 2954 648 2996 n'arait
660 2966 697 3009 pas
710 2967 735 2997 eu
747 2957 767 2998 lo
783 2961 851 3008 temps
863 2955 887 2996 de
899 2954 930 2996 les
941 2962 990 2994 con·

570 3027 656 3070 voqucr.
679 3038 706 3046 -
730 3024 761 3058 lo.
777 3018 837 3070 jam,
855 3014 942 3057 bientdt.
963 3037 990 3045 —

572 3086 604 3122 ¹1.
624 3082 760 3128 ceterarum,
775 3077 790 3119 il
804 3076 867 3129 s'agit
886 3076 924 3118 des
941 3076 991 3119 lun-

570 3136 992 3191 &mammaea-ltpar-

571 3200 640 3251 ttbus‚
673 3198 691 3239 la
725 3195 779 3255 parti
807 3196 832 3241 de
856 3198 939 3248 Darius-
965 3217 990 3227 -·
