2317 3500
85 205 241 288 [11111333]
450 222 544 267 urens
567 224 608 298 ru.
938 201 978 268 '75

84 337 156 393 sidio
169 339 302 394 tenebat:
316 338 379 407 sed,
393 355 457 394 cum
471 337 648 396 obsidionem
662 339 784 396 tolerare
799 357 856 397 non
873 345 979 414 posset,

84 428 153 482 urbe
167 427 281 495 tradita,
304 431 403 499 pactus
421 432 455 484 ut
473 428 608 484 incolumi
626 429 703 486 abiro
725 428 831 498 liceret,
854 429 980 485 Imbrum

84 515 162 584 petit.
179 516 288 571 Deditis
304 517 470 573 Macedones
482 521 679 589 pepercerunt.

124 752 254 803 Nouueaux
266 754 417 818 preparatiis
429 755 460 804 de
471 756 568 806 Darius.
582 783 613 792 -
626 755 764 806 Alexandro
776 755 855 818 prend
866 755 939 806 Gaza.

120 915 166 971 Vl.
178 918 210 990 [1]
223 919 334 987 Darius,
351 921 501 990 desperata
522 937 589 992 pace
609 937 694 993 quam
708 937 759 992 per
778 919 890 976 litteras
908 919 981 990 lega-

86 1007 188 1076 tosque
210 1005 354 1078 impetrari
368 1024 451 1078 posse
465 1006 634 1076 crediderat,
655 1009 690 1062 ad
713 1008 886 1078 reparandas
905 1006 980 1061 vires

84 1094 247 1165 bellumque
266 1096 389 1169 impigre
418 1095 621 1152 renovandum.
636 1094 758 1151 intendit
780 1095 916 1150 animum.
944 1093 978 1166 [2]

83 1184 175 1237 Duces
196 1199 264 1254 ergo
291 1185 437 1255 copiarum
461 1183 660 1255 Babploniam¹
682 1182 844 1252 convenire,
864 1185 981 1237 Bessum

84 1286 208 1342 quoque,
221 1270 438 1328 Bactrianorum
451 1276 629 1343 preteream,
644 1289 730 1346 quam
745 1271 870 1328 maximo
885 1273 982 1342 posset
1052 1300 1054 1305 ·

84 1358 208 1414 exercitu
223 1368 329 1432 coacto,
347 1361 534 1416 descendere³
548 1362 583 1416 ad
597 1377 627 1416 se
638 1360 728 1434 jubet.
747 1357 782 1434 [3]
799 1360 873 1414 Sunt
887 1361 979 1414 autem

85 1446 225 1503 Bactriani
240 1449 315 1504 inter
328 1449 392 1505 ilias
407 1455 507 1522 gentes
518 1447 751 1520 promptissimi⁴,
763 1448 888 1504 horridis
901 1447 975 1518 inge·

85 1534 138 1589 niis
152 1536 331 1610 multumque
354 1555 370 1594 a
395 1539 547 1594 Persarum
562 1539 630 1594 iuxu
645 1537 883 1593 abhorrentibus⁶
900 1555 906 1588 :
933 1535 979 1591 siu

87 1622 160 1679 haud
174 1627 294 1696 procnl⁶
309 1625 481 1698 Scytharum
495 1626 715 1683 bellicosissima
729 1629 813 1698 gente
838 1629 866 1681 et
880 1628 979 1696 rapto⁷

85 1709 177 1769 vivere
192 1716 305 1770 assueta
317 1731 429 1787 semper
443 1715 473 1771 in
497 1714 586 1771 armis
609 1717 699 1771 erant.
727 1713 760 1786 [1]
785 1714 840 1769 Sed
862 1714 978 1780 Bessus,

86 1807 214 1872 suspecta
226 1804 372 1876 perfidia0,
389 1806 465 1860 haud
477 1818 644 1875 saneaequo
659 1802 753 1857 animo
768 1802 935 1857 insecundo
951 1817 981 1857 se

86 1890 231 1947 continens
243 1894 345 1963 gradu,
358 1909 455 1965 regem
470 1893 614 1949 terrebat:
628 1907 704 1962 nam,
717 1907 781 1945 cum
796 1906 918 1960 regnum
930 1890 983 1943 ad-

86 1974 209 2045 fectaret,
230 1978 362 2049 proditio,
383 1996 439 2050 qua
466 1980 527 2034 sola
553 1978 582 2034 id
608 1976 720 2049 assequi
748 1978 869 2047 poterat,
899 1974 983 2029 time-

85 2062 178 2119 batur.

120 2152 152 2224 [5]
174 2154 307 2210 Ceterum
320 2157 488 2224 Alexander,
502 2172 589 2227 quam
603 2153 750 2227 regionem
775 2153 878 2209 Darius
894 2151 984 2223 petis-

86 2242 129 2294 set
141 2241 218 2295 omni
231 2259 299 2299 cura
308 2244 464 2317 vestigans,
478 2247 573 2301 tamen
600 2244 746 2315 explorare
775 2258 832 2297 non
860 2243 981 2312 poterat,

86 2344 164 2384 more
186 2331 307 2402 quodam
320 2334 475 2389 Persarum
495 2350 599 2389 arcana
621 2349 724 2405 regum
739 2331 812 2387 mira
830 2330 983 2386 celantium

85 2414 149 2471 fide.
168 2415 203 2492 [6]
221 2418 283 2475 Non
298 2425 402 2489 metus²
418 2437 475 2477 non
488 2437 553 2491 spes
571 2420 647 2476 elicit
660 2436 758 2475 vocem
787 2436 844 2491 qua
862 2420 982 2491 prodan-

86 2508 135 2558 tur
147 2508 263 2564 occulta.
277 2509 364 2566 Vetus
378 2509 525 2581 disciplina
536 2512 657 2581 regu1n⁹
672 2508 817 2565 silentium
831 2508 895 2565 vitae
910 2508 982 2581 peri-

84 2592 151 2647 culo
166 2601 295 2653 sanxerat
311 2618 317 2651 :
334 2598 434 2671 lingua
443 2602 467 2635 ¹⁰
485 2597 602 2670 gravius
617 2597 773 2669 castigatur
787 2616 873 2673 quam
893 2600 983 2655 ulium

109 2758 509 2820 vt.spumantemamnemsr.
560 2765 583 2807 le
595 2765 649 2819 lure,
668 2766 722 2809 mais
734 2765 798 2821 qu'its
819 2766 940 2818 l’ignorent.
957 2786 983 2795 -

82 2826 509 2881 -2.praetorem,voy‚nicafflst.-
562 2835 582 2872 6.
604 2830 697 2881 procot,
720 2841 767 2883 roy.
788 2830 850 2871 Rem.
868 2835 912 2871 197.
927 2832 982 2869 -1-

83 2887 102 2923 3.
112 2882 255 2938 descendere,
266 2888 387 2941 expression
395 2891 461 2931 toutt
471 2890 509 2932 fait
561 2896 637 2942 rapto.
649 2902 696 2944 [ογ.
710 2891 772 2931 Rem.
788 2896 823 2932 117
838 2890 858 2930 b.
871 2894 923 2930 -3,
933 2897 985 2927 sus·

82 2942 157 2995 juste:
171 2943 257 2998 Bessus,
270 2953 349 2991 venant
360 2948 385 2991 do
404 2948 424 2991 la
441 2951 509 2993 heau
560 2956 626 3003 pecte
636 2951 749 3005 perfidio,
766 2948 841 2991 ablatis
852 2948 877 2989 de
891 2945 984 3001 qualitd;

83 3002 146 3054 Asis,
162 3005 330 3053 descendendo
342 3011 389 3053 i’est
401 3012 414 3053 t
425 3012 507 3055 l’ouest.
561 3024 610 3067 roy.
631 3014 692 3055 Rem.
711 3016 755 3054 tot.
772 3032 800 3041 -
812 3016 832 3053 9.
855 3014 919 3051 vetus
937 3008 985 3051 αἰε-

82 3069 138 3107 -4,
150 3070 337 3123 promptissimi,
352 3073 509 3127 lesptusre'so-
561 3075 653 3127 ciple'no
677 3083 767 3127 reperit,
785 3084 796 3109 a
819 3070 850 3111 les
873 3070 985 3113 anciennos

84 3124 128 3167 lus.
145 3148 172 3157 -
194 3134 214 3172 5.
229 3132 407 3177 autemeam
430 3133 509 3178 n'iudi-
562 3134 701 3177 maximesde
716 3133 736 3173 ia
761 3131 905 3173 monarchis»
922 3132 985 3181 (Bos-

84 3198 128 3238 qno
141 3198 179 3240 pas
191 3202 231 3245 quo
243 3192 275 3235 les
286 3194 395 3237 Bactrieus
405 3195 508 3239 dotestent
533 3180 537 3248 Ι
562 3185 703 3250 suet).-10.
721 3194 811 3247 (tepea,
824 3192 986 3235 l'rndiscretion.
