2317 3500
155 186 192 242 74
479 199 510 249 o.
533 194 624 242 couri
647 195 721 240 surr
887 181 958 260 [rire
973 183 1047 266 ³3²]

154 317 219 368 orta
242 312 343 368 seditio
375 311 558 383 irrumpendi
572 311 601 366 in
628 312 728 368 urbem
759 311 934 368 occasionem
959 311 1048 368 dedit.
1086 350 1094 358 ‚

156 399 206 471 [17]
218 400 358 471 Cumque,
372 405 454 471 porta
466 401 589 467 effracta,
603 401 732 456 cohors³¹
748 400 933 456 Macedonum
948 401 1053 460 intras·

154 492 207 559 set,
221 489 365 560 oppidani,
380 490 480 558 olim&
498 490 616 546 consilio
631 489 800 561 proditionis
813 489 932 562 agitato,
948 505 1053 562 aggre-

154 581 223 648 gant
249 594 280 634 se
303 580 474 649 Amphotero
501 582 530 634 et
550 579 710 651 Hegelocho
731 597 737 632 ε
761 579 812 652 [18]
841 579 1053 651 Persarumque

153 665 284 736 praesidio
304 683 387 730 caso,
401 667 608 723 Pharnabazus¹
618 683 682 722 cum
695 667 860 739 Apollonide
874 670 903 724 et
923 668 1054 726 Athena-

153 769 224 824 gora
239 753 355 810 vincti³⁵
377 755 540 823 traduntur,
560 772 598 811 xn
621 754 782 811 triremes³⁴
796 773 860 810 cum
883 771 936 812 suo
960 756 1054 812 milito
1127 743 1130 750 ⁴

155 860 186 899 ac
200 843 347 914 remige⁵⁵,
358 845 461 913 prater
473 859 522 899 eas
534 859 588 898 xxx
600 843 699 900 inanes
716 846 745 899 et
758 843 791 872 **
807 844 917 915 piratici
932 845 1018 900 lembi
1030 850 1054 883 ³⁶

157 932 374 1001 Graecorumque
387 946 417 985 ιιι
432 929 522 986 millia
534 947 551 986 a
561 929 656 986 Persis
671 932 799 986 mercede
806 930 954 1009 conducta.
968 931 1020 986 His
1030 938 1054 969 ³⁷

156 1019 185 1074 in
207 1019 436 1090 supplementum
461 1017 606 1090 copiarum
630 1033 746 1074 suarum
775 1017 945 1087 distributis,
978 1018 1056 1090 pira-

143 1107 249 1178 tisque
279 1105 416 1178 supplicio
447 1107 580 1175 adfectis,
611 1106 735 1177 captivos
767 1105 890 1179 remiges
925 1106 1057 1179 adjecere

156 1196 240 1251 classi
254 1211 322 1251 suae.

193 1282 246 1356 [19]
261 1283 343 1339 Forte
357 1281 544 1351 Aristonicus,
556 1281 811 1352 Methymnaeorum
824 1286 975 1354 tyrannus,
987 1299 1056 1338 curn

157 1369 281 1442 piraticis
303 1370 432 1440 navibus,
447 1371 566 1442 ignarus
586 1369 712 1425 omnium
736 1387 799 1442 quae
818 1372 925 1442 apud³⁸
949 1370 1058 1428 Chium
1108 1379 1111 1383 '

156 1461 218 1514 acta
232 1461 323 1527 eraut,
344 1457 437 1530 prima
454 1458 583 1530 uigilia³⁹
597 1459 633 1513 ad
653 1461 753 1529 portus
765 1452 890 1514 claustra
904 1459 1057 1529 successit,

156 1546 406 1618 interrogatusque
421 1563 437 1602 a
456 1545 622 1602 custodibus
636 1545 700 1616 quis
714 1550 799 1614 esset,
811 1545 1007 1602 Aristonicum
1019 1548 1059 1602 ad

157 1635 369 1689 Pharnabazum
388 1634 484 1690 venire
507 1634 664 1704 respondit.
687 1634 738 1706 [20]
764 1633 807 1688 llli
836 1634 1059 1692 Pharnabazum

156 1722 270 1795 quidem
283 1722 342 1796 jam
357 1722 501 1795 quiescere
517 1725 545 1777 et
558 1738 612 1779 non
628 1727 743 1794 posse⁴‚⁰
754 1726 815 1779 turn
831 1722 913 1789 adiri,
927 1727 1061 1780 ceterum

155 1816 252 1884 patere
266 1812 342 1868 socio
356 1816 440 1883 atque
454 1811 557 1882 hospiti
569 1814 694 1883 portum,
706 1815 734 1867 et
746 1814 859 1883 postero
873 1811 917 1867 die
926 1812 1061 1871 Pharna-

155 1901 216 1957 bazi
228 1900 366 1972 copiam⁴¹
381 1900 472 1956 lore⁴²
486 1900 647 1955 adfirmant.
660 1900 711 1971 [21]
722 1899 780 1955 Nec
793 1899 933 1958 dubitavit
942 1900 1058 1957 Aristo-

155 1988 236 2045 nicus
257 1989 366 2059 primus
386 1988 504 2055 intrare,
524 1987 614 2044 secuti
631 1990 698 2043 sunt
712 1988 812 2043 ducem
829 1986 941 2057 piratici
957 1989 1061 2055 lembi,

156 2093 198 2141 ac,
218 2078 286 2131 dum
303 2076 444 2148 applicant
459 2075 574 2148 navigia
588 2074 723 2146 crepidini
747 2078 858 2146 portus,
883 2074 1020 2146 objicitur
1044 2096 1063 2135 a

157 2164 289 2237 vigilibus
303 2165 469 2235 claustrum,
479 2168 509 2219 et
522 2164 572 2236 qui
586 2163 706 2235 proximi
721 2164 898 2220 excubabant
912 2165 948 2220 ab
964 2164 1064 2223 isdem

156 2254 321 2310 excitantur.
338 2253 423 2309 Nullo
436 2269 468 2307 en
483 2252 519 2307 iis
531 2267 601 2308 auso
616 2267 786 2323 repugnare,
800 2252 934 2307 omnibus
948 2259 1064 2313 catenae

156 2340 265 2413 injectae
277 2344 352 2408 sunt,
362 2341 532 2411 Amphotero
542 2339 645 2394 deinde
658 2338 876 2410 Hegelochoque
888 2341 1062 2401 traduntur.

157 2427 209 2502 [22]
224 2429 295 2484 Hinc
307 2429 473 2485 Macedones
486 2426 627 2483 transiere
640 2426 793 2497 Mitylenen
802 2432 836 2496 ⁴³,
848 2444 935 2499 quarn
947 2428 1066 2491 Chares

155 2516 344 2584 Atheniensis
354 2532 445 2588 nuper
458 2518 633 2586 occupatam,
645 2532 664 2568 ιι
676 2513 798 2569 millium
814 2514 972 2571 Persarum
986 2536 1066 2589 prae-

156 2748 188 2787 31.
204 2744 296 2794 cohors,
309 2753 357 2795 roy.
370 2742 429 2783 Dict.
442 2742 507 2791 Hist,
521 2739 575 2781 u’est

155 2815 193 2857 pas
203 2804 249 2857 pris
263 2803 290 2845 ici
307 2803 360 2845 dans
372 2815 410 2845 scu
422 2813 472 2844 sens
482 2801 575 2854 partiou-

156 2865 202 2918 lier,
217 2864 271 2907 mais
284 2864 336 2907 dans
350 2865 369 2907 le
385 2876 435 2907 sens
454 2862 538 2916 general
550 2862 576 2904 de

155 2927 277 2978 turba,·cl.
299 2928 363 2981 lepte,
385 2927 422 2978 lx,
445 2939 469 2976 ιι,
491 2930 526 2967 24.
549 2947 575 2955 -

156 2994 188 3030 32.
207 2989 271 3040 olim,
298 2987 373 3041 depuis
401 2988 528 3039 longtemps.
549 3010 576 3017 -

157 3054 188 3090 23.
200 3050 282 3101 uincti,
294 3061 342 3104 voy.
352 3050 415 3092 Rem.
424 3055 484 3092 tb—
491 3053 523 3091 34.
533 3048 576 3090 tri-

155 3120 236 3160 remes,
247 3123 268 3153 v.
282 3112 340 3152 Dtet.
349 3111 408 3153 Hist.
419 3134 445 3141 -
461 3116 493 3153 35.
503 3110 577 3151 milite

156 3181 184 3211 oc
201 3172 295 3225 remipe,
308 3183 355 3224 roy.
370 3173 433 3213 Rem.
445 3175 478 3215 ho.
498 3194 524 3202 -
543 3177 575 3215 36.

628 2737 704 2791 ternbt.
718 2748 767 2791 vop.
783 2737 843 2780 Dict.
854 2736 915 2781 dist.
925 2760 954 2769 —
965 2747 1001 2785 st.
1015 2744 1071 2798 bis,

629 2799 659 2841 les
669 2799 808 2841 mercenaires
825 2810 887 2853 groes
900 2800 954 2845 dont
972 2802 988 2845 il
1003 2805 1073 2849 vient

629 2862 693 2904 reue
703 2861 811 2915 question,
827 2884 853 2893 —
865 2868 901 2907 3³.
920 2866 997 2919 apud,
1013 2879 1073 2923 voy.

628 2922 690 2965 Rem.
700 2930 744 2967 173.
752 2947 777 2954 -
786 2931 819 2969 39.
829 2924 923 2979 cipitia,
935 2938 985 2982 roy.
1001 2930 1074 2977 Dice.

628 2984 687 3026 illst.
702 3007 728 3016 -
741 2990 774 3029 lo.
788 2990 865 3027 staca
877 2998 959 3041 posse,
973 2994 996 3031 ut
1009 2993 1076 3046 qu'il

629 3046 761 3099 n'etuitplus
771 3046 871 3101 possible.
880 3054 947 3093 -41,
957 3054 1076 3113 coptam,

629 3110 694 3150 acces.
708 3130 734 3139 -
746 3113 779 3151 ta.
792 3110 850 3160 sore,
867 3111 971 3164 suppleez
986 3116 1018 3157 et.
1041 3139 1079 3153 -

630 3174 662 3213 43.
683 3170 820 3223 Mitylenen,
833 3182 881 3225 vray.
896 3172 961 3216 Rem.
973 3180 996 3219 4.
