2317 3500
98 35 170 110 [uiris
185 35 255 110 329]
479 55 573 97 droun
593 54 650 97 vn.
939 44 994 99 257

95 171 171 239 suut,
186 174 219 227 ut
232 171 308 227 intra
321 169 449 227 triduum
471 168 507 225 ad
526 186 566 227 xn
586 168 677 225 millia
698 167 803 225 effectae
821 167 888 224 sint.
913 168 994 224 dam-

95 277 149 334 que
164 262 199 317 ad
213 260 421 317 transeundum
434 258 530 316 omnia
548 261 724 330 aptaverant,
745 274 810 313 cum
825 255 911 329 legati
926 257 994 328 Scy-

93 350 209 406 tharum
223 366 268 419 xx,
285 365 365 405 moro
379 346 473 421 gentis
487 364 538 419 per
551 350 645 404 castra
658 347 740 419 equis
751 346 834 415 vecti,
844 345 996 400 nuntiare⁴

91 439 192 512 jubent
204 438 265 510 regi
275 438 347 493 velle
357 438 452 508 ipsos⁵
468 437 504 492 ad
518 453 584 492 oum
598 435 732 492 mandata
746 435 882 506 perferre.
893 434 926 506 [9]
940 434 992 489 ld-

94 528 174 583 missi
195 526 225 582 in
239 524 593 599 tabernaculumjussique
610 525 767 593 considere,
790 525 820 579 in
843 526 924 580 vultu
945 541 994 580 re·-

93 617 138 691 gis
152 615 328 672 defixerant⁰
340 615 452 672 oculos:
469 615 658 687 credo,quis⁷
680 614 876 687 magnitudine
900 629 995 685 corpo·

94 707 134 762 ris
163 704 291 761 animum
317 704 685 783 estimantibus„modicus
711 703 826 760 habitus
847 703 994 775 haudqua-

7 861 10 876 ι
93 794 277 867 quamlamae
296 793 517 865 pervidebatur.

130 884 182 957 [10]
203 883 315 955 Scythis
339 885 434 938 autem
456 899 523 949 non,
540 886 572 938 ut
590 883 692 940 ceteris
717 883 855 949 barbaris
871 882 951 937 rudis
966 890 994 938 cl

94 973 256 1029 inconditus
273 987 376 1028 sensus
394 974 461 1027 cst:
482 972 598 1044 quidam
615 989 715 1030 eorum
736 971 904 1044 sapientiam
924 987 994 1043 quo-

93 1079 149 1135 que
160 1060 421 1133 capere⁸diountur
434 1064 695 1135 quantamcumque
707 1078 778 1135 gens
793 1062 867 1133 capit
881 1077 993 1133 semper

93 1154 213 1207 armata.
228 1151 251 1224 [l
257 1150 281 1223 1]
293 1150 351 1219 Sic,
366 1166 430 1221 quae
444 1151 554 1206 locutos
568 1167 632 1206 esse
649 1150 724 1223 apud
736 1166 833 1223 regem
847 1151 991 1207 memoriae

93 1240 237 1312 proditum
246 1243 300 1312 cst,
314 1239 468 1295 abhorrent
480 1239 617 1296 lorsitan⁹
632 1239 759 1295 moribus
768 1238 992 1312 hominibusque

92 1329 209 1397 nostris,
225 1332 255 1385 et
267 1332 397 1400 tempora
408 1331 437 1383 et
451 1327 598 1401 ingonia¹⁰
609 1328 731 1385 cultiora
745 1328 863 1385 sortitis.
880 1329 947 1393 Sed,
960 1332 993 1384 ut
1052 1338 1055 1343 ’

93 1418 184 1490 possit
195 1416 286 1473 oratio
300 1432 400 1473 eorum
411 1415 518 1488 sperui,
528 1421 624 1473 tamen
635 1416 704 1473 fides
715 1420 815 1473 nostra
824 1432 881 1473 non
892 1418 991 1474 debet:
1024 1460 1031 1477 .

94 1523 192 1580 quare,
212 1510 367 1577 utcumque
392 1509 458 1562 suut
476 1505 590 1573 tradita,
616 1506 780 1578 incorrupta
804 1506 991 1579 perferemus.

94 1597 146 1668 [12]
159 1595 251 1669 Igitur
262 1610 352 1650 unum
367 1610 401 1649 ex
418 1595 473 1663 his,
493 1594 649 1652 maximum
668 1600 747 1662 natu,
763 1596 890 1653 locutum
915 1610 992 1650 acce-

93 1685 203 1758 pimus:

130 1795 145 1827 c
158 1773 189 1828 Si
204 1772 231 1828 di
245 1771 374 1828 habiturn
387 1773 513 1852 corporis
527 1775 569 1830 tui
585 1775 712 1831 aviditati
723 1773 810 1830 animi
820 1789 917 1845 parem
930 1790 992 1830 esse

93 1863 259 1931 voluissent,
276 1859 353 1917 orbis
368 1864 395 1917 tc
409 1879 465 1918 non
479 1867 593 1935 caperet
608 1883 615 1919 z
631 1865 720 1921 altera
733 1879 819 1918 manu
834 1861 990 1932 Orientem,

93 1955 183 2011 ultera
205 1950 386 2007 Occidentem
410 1951 603 2025 contingerem
620 1956 658 2027 ct,
674 1955 726 2008 hoc
741 1949 899 2016 assecutus,
919 1951 991 2008 scirc

93 2043 181 2100 velles
195 2041 243 2096 ubi
259 2040 330 2096 tanti
353 2041 508 2098 numinis¹¹
532 2044 628 2116 fulgor
649 2045 827 2100 conderetur.
853 2043 899 2098 Sic
920 2058 991 2114 quo-

92 2136 189 2206 quest,
213 2129 387 2203 concupiscis
408 2147 470 2203 quae
490 2148 547 2188 non
566 2131 653 2204 capio.
667 2131 718 2205 [13]
734 2132 775 2186 Ab
791 2131 904 2202 Europa
918 2129 991 2200 petis

91 2221 198 2290 Asiam,
213 2237 247 2276 ex
259 2218 325 2275 Asia
336 2220 441 2276 transis
455 2219 484 2275 in
497 2220 656 2291 Europam:
668 2220 779 2287 deinde,
796 2219 819 2274 si
832 2220 990 2274 humanum

93 2326 184 2381 genus
197 2326 281 2366 omne
295 2311 483 2381 superaveris,
505 2326 569 2365 cum
585 2308 663 2366 silvis
678 2310 706 2364 et
720 2308 832 2364 nivibus
847 2311 876 2366 ct
899 2308 992 2365 durui-

95 2399 179 2455 nibus
193 2399 316 2472 ferisque
331 2399 430 2455 bestiis
442 2403 577 2473 gesturus
596 2415 627 2454 cs
645 2397 762 2454 bellum.
777 2397 828 2472 [lt]
845 2396 944 2464 Quid?
959 2401 991 2453 tu

93 2487 210 2560 ignoras
233 2488 348 2544 arbores
370 2505 490 2562 magnas
510 2489 708 2558 macrescere,
729 2503 788 2544 una
800 2487 872 2543 hora
893 2488 991 2543 exstir-

93 2577 154 2651 pari
164 2579 179 2633 ‘l
189 2577 301 2632 Stultus
317 2577 421 2650 estqui
437 2579 546 2634 fructus
561 2594 660 2633 earum
674 2578 792 2650 spectat,
810 2575 990 2634 altitudinem

50 2804 54 2809 -
92 2781 151 2819 -l.
168 2775 513 2831 cmctarc,v05.uom.nu.-
540 2781 543 2820 t
567 2775 646 2817 lenens
660 2775 680 2816 lc
694 2775 831 2828 pluslargc:
848 2774 892 2815 etro
905 2770 990 2826 capable

93 2844 113 2881 5.
122 2837 195 2891 ipsos,
207 2849 255 2892 roy.
269 2839 332 2881 Rem.
345 2844 377 2882 ⁶2.
396 2861 422 2870 -
435 2844 456 2881 6.
470 2837 514 2879 dc-
567 2837 593 2878 dc
605 2836 731 2879 s’instruirc.
743 2857 771 2868 —
786 2843 807 2880 9.
820 2836 930 2888 soc-atton,
941 2845 989 2888 vop.

93 2901 201 2953 mount,
217 2899 291 2942 c-id.
306 2899 349 2942 dtu
366 2899 455 2952 defixos
471 2900 515 2941 du·
567 2899 630 2940 Rom.
652 2903 697 2941 138.
716 2919 742 2928 -
765 2904 796 2939 to.
818 2896 923 2951 tnpcna‘o.
941 2907 988 2953 roy,

92 2964 197 3005 comm
213 2983 240 2994 -
259 2963 361 3015 t..quic,
387 2973 440 3016 pour
457 2961 514 3013 quta
567 2957 981 3007 Rem.t³.-11.numtnts‚lcscloil

92 3023 133 3068 cu.
144 3047 171 3058 -
180 3032 201 3069 s.
209 3025 352 3079 septentiam
359 3033 450 3077 copore,
461 3022 515 3065 dans
568 3032 610 3074 quc
623 3022 654 3063 les
660 3018 750 3074 Scythes
761 3018 948 3064 adurcium—12.
954 3021 990 3064 sic

154 3134 342 3180 uorum-curce.
840 3120 867 3170 17
