2317 3500
146 139 200 186 reu
379 141 410 192 o.
432 139 525 184 curri
546 139 623 183 rrum
640 119 947 205 [nivea-rmoruurs
965 121 1040 204 330]

170 376 267 428 Herebo
287 390 331 424 sur
346 373 494 437 Persepolis.
519 374 657 423 Renconue
683 373 715 422 dc
738 379 828 437 quatre
846 374 916 424 mille
934 375 1011 426 Grecs

416 453 518 503 mutile's
536 467 582 516 par
601 451 638 501 les
661 453 760 503 Perses.

175 596 210 651 V.
236 595 270 668 [1]
291 595 350 651 Rex
369 593 469 650 eodem
484 593 556 662 loco,
578 609 634 665 quo
652 593 779 649 hostium
797 593 892 665 copias
914 589 1044 666 fuderat,

141 689 234 741 cestra
243 683 408 741 communit.
422 681 601 753 Quamquam
613 681 689 737 enim
701 681 826 754 undique
839 683 930 756 fugati
942 684 1044 744 hostes

140 773 286 830 victoriam
314 774 521 837 concesserant,
550 772 646 825 tamen
674 770 1044 846 praealtaepraecipiiesque

141 863 234 929 iossae,
248 860 376 933 pluribus
389 859 458 916 locis
473 859 599 931 objectae,
615 859 787 931 abruperant
799 859 862 928 iter,
875 861 1044 934 sensimque

141 953 170 1006 et
194 953 274 1005 caute
303 945 540 1019 progrediendum
562 949 637 1018 erat,
661 947 720 1019 jam
741 963 798 1002 non
823 947 965 1016 hostium,
990 953 1045 1007 sed

141 1039 269 1094 locorum
288 1034 407 1091 fraude¹
425 1038 564 1106 suspecta.
580 1033 614 1107 [2]
631 1035 798 1090 Procedenti
812 1034 838 1090 ei
852 1035 954 1092 litterae
974 1038 1045 1094 red-

141 1127 247 1182 duntur
260 1141 277 1181 a
288 1123 421 1194 Tiridate,
439 1123 554 1178 custode
566 1123 691 1194 pecuniae
706 1123 802 1194 regiae,
818 1122 975 1180 indicandos
991 1142 1044 1182 eos

142 1215 190 1287 qui
214 1214 242 1269 iu
260 1215 329 1270 urbe
350 1214 454 1281 essem,
478 1210 574 1267 audito
593 1211 654 1284 ejus
676 1213 808 1279 adventu,
823 1212 945 1282 diripere
965 1216 1044 1272 velle

140 1305 307 1363 thesauros:
321 1301 487 1372 properaret
497 1314 633 1369 occupare
644 1300 793 1354 thesauros
807 1298 974 1354 dimissos²z
992 1317 1045 1356 ex·

141 1391 268 1463 peditum
289 1389 433 1457 ituream,
453 1404 626 1460 quamquam
640 1389 745 1443 Araxes
763 1387 855 1443 amnis
874 1387 1038 1449 interfluat.

144 1478 177 1553 [3]
195 1476 310 1532 Nullam
323 1474 457 1531 virtutem
473 1475 550 1547 regis
564 1475 670 1547 justius
686 1492 772 1548 quam
786 1475 958 1532 celeritatem
973 1476 1045 1533 lau-

142 1565 282 1622 daverim:
306 1563 411 1619 relictis
433 1563 610 1635 pedestribus
633 1564 729 1634 copiis,
755 1567 815 1620 tota
836 1567 917 1634 nocie
939 1571 1043 1624 vectus

141 1671 206 1710 cum
220 1651 372 1725 equitibus,
386 1651 495 1707 itineris
512 1655 591 1707 tanto
615 1652 706 1723 spatio
720 1651 855 1725 fatigatis,
871 1653 906 1708 ad
926 1655 1045 1712 Araxen

142 1742 235 1814 prima
247 1741 309 1798 luce
326 1741 461 1812 pervenit.
480 1740 514 1813 [i]
527 1739 586 1796 Vici
599 1743 679 1797 erant
695 1741 723 1797 in
736 1741 912 1814 propinquo:
933 1743 1045 1814 quibus

118 1832 254 1901 dirutis,
279 1833 394 1903 pontem
417 1846 450 1885 ex
466 1830 585 1886 materia
605 1846 704 1887 eorum
724 1830 844 1887 subditis
865 1830 940 1887 saxis
966 1836 1045 1891 stre·

144 1918 347 1974 nucinduxit⁵.
481 1985 483 1988 ι

179 2006 213 2080 [5]
227 2006 348 2077 Jamque
361 2007 434 2062 haud
447 2006 543 2076 procui
556 2008 569 2041 ⁴
583 2004 670 2059 urbe⁵
683 2008 774 2073 erant,
796 2022 859 2060 cum
875 2005 1045 2065 miserabile

143 2112 255 2169 agmen,
265 2094 580 2164 interpaucassiortuuae
595 2094 722 2165 exempla
735 2096 961 2167 memorandum,
976 2098 1045 2170 regi

143 2183 274 2241 occurrit.
302 2180 411 2254 Captivi
438 2186 518 2236 erant
540 2182 628 2237 Graeci
649 2183 684 2237 ad
709 2200 738 2238 ιν
764 2182 853 2245 millia
873 2184 941 2253 sere,
965 2202 1045 2256 quos

144 2275 237 2330 Persae
258 2272 337 2327 vario
363 2268 564 2342 suppliciorum
589 2272 674 2327 modo
701 2270 870 2327 adfecerant.
899 2271 933 2344 [6]
960 2272 1047 2332 Alios

143 2362 272 2433 pedibus,
292 2362 429 2433 quosdam
447 2358 578 2414 manibus
589 2359 762 2430 auribusque
778 2359 941 2431 amputatis,
959 2360 1046 2419 inus-

142 2449 236 2520 tisque
253 2449 437 2504 barbararum
451 2447 611 2501 litierarum
626 2446 711 2509 notis,
727 2445 755 2501 iu
771 2448 890 2519 longum
904 2447 947 2503 sui
962 2447 1047 2505 ludi-

143 2535 255 2592 brium'
269 2537 495 2590 reservaverant:
505 2536 550 2589 et⁸
563 2550 628 2589 cum
641 2550 671 2589 se
683 2549 796 2607 quoque
809 2534 907 2591 aliene
918 2534 1047 2596 dicionis

169 2738 197 2781 V.
209 2744 226 2780 r.
241 2736 332 2788 froude,
345 2735 418 2789 pirges
427 2747 468 2789 que
482 2735 563 2778 teudeit
616 2735 653 2778 dos
663 2734 718 2790 pilos
731 2735 757 2779 de
769 2735 845 2790 pierre.
859 2760 886 2769 -
905 2742 926 2781 d.
942 2744 1046 2795 procul,

144 2800 164 2843 le
176 2799 254 2842 terrain
272 2799 300 2841 cd
316 2797 333 2840 il
347 2796 415 2839 failait
428 2796 563 2839 marchuu-
615 2809 664 2852 roy.
677 2798 739 2841 rimu.
754 2804 799 2842 ¹97.
808 2821 835 2829 -
844 2806 864 2843 e.
877 2799 942 2850 urbe,
955 2800 977 2843 la
987 2803 1047 2849 ville

143 2869 164 2905 2.
179 2857 564 2912 dimissumc'est-idirerclictoso
616 2858 652 2913 qui
676 2858 728 2901 e'teit
748 2860 768 2901 le
784 2860 822 2903 bui
843 2861 870 2905 de
893 2862 1046 2922 i'expc'ditioo,

143 2922 241 2965 Dorio.-
264 2932 316 2981 pour
331 2932 355 2962 ce
374 2930 422 2961 sens
438 2929 562 2967 assertam,
616 2921 975 2978 Persepolis-eracemum,
989 2938 1048 2985 vop.

143 2994 192 3036 roy.
200 2983 251 3025 Hor.
261 2981 324 3036 Epir.
334 2981 351 3032 1,
361 2992 399 3032 vu,
410 2986 443 3025 96.
457 3002 483 3011 -
494 2985 514 3023 3.
527 2980 564 3021 iu·
616 2984 679 3025 Rea.
689 2991 733 3027 rou.
741 3005 767 3014 -
775 2990 794 3028 7.
806 2985 833 3027 iu
844 2984 941 3041 toppum
952 2990 995 3031 sui
1006 2992 1049 3035 lu-

116 3069 118 3073 ⁴
145 3043 214 3084 meost
228 3049 321 3097 porucm
337 3043 415 3094 cuuis,
432 3042 511 3095 (dotis)
531 3044 564 3083 cst
616 3045 729 3097 dicdum,
746 3057 799 3099 pour
810 3046 855 3088 s'eo
870 3046 922 3090 faire
940 3060 969 3091 uu
988 3050 1049 3109 long

145 3113 185 3143 une
196 3104 339 3148 consumetioo
352 3115 398 3147 rare
409 3114 419 3149 .·
431 3102 448 3146 il
459 3104 518 3148 eleva
526 3115 564 3147 sur
617 3106 673 3162 objet
680 3106 705 3149 de
715 3106 846 3151 reinerio.-
853 3114 873 3153 o.
882 3111 1048 3165 europiiom.
