2317 3500
84 51 151 119 288
483 32 514 83 Q·
538 32 643 81 coum
671 38 763 83 uurr
852 16 934 103 [niv.
950 3 1092 89 ane-327]

100 203 120 235 a
132 177 191 229 noo
202 180 273 219 une
291 152 410 214 modo
432 149 462 204 et
476 148 621 219 pudorem
635 154 734 212 victis
753 157 786 212 et
799 152 961 227 superbiam
977 139 1091 205 victori-

102 271 172 324 bus
187 247 317 306 detrahi
344 254 456 317 posse.
477 236 529 311 [36]
555 240 705 300 Achillem
724 261 860 319 quoque,
885 256 976 315 aquo
999 243 1092 309 genus

108 355 187 420 ipse
199 335 382 391 deduceret
388 333 426 397 m,
437 342 505 382 oum
516 329 632 399 captiva
644 332 749 391 coisse
759 338 795 389 ³³.
809 333 852 390 Ne
870 328 967 389 inferri
983 321 1093 383 nelas³⁴

118 424 313 494 arbitretur,
328 422 421 477 illam
436 415 617 475 matrimonii
632 422 704 495 jure
720 424 802 482 velle
815 422 897 497 jungi
906 426 938 477 ³⁵.
955 439 969 471 n

168 510 226 587 [3η
247 510 417 584 insperato
431 505 538 580 gaudio
550 509 649 579 laetus,
664 519 757 586 pater
771 530 935 573 sermonem
948 510 1009 584 ejus
1021 501 1093 561 exci-

125 607 193 687 pit·
217 598 260 653 Et
285 617 349 667 rex,
379 599 411 654 in
434 597 531 653 medio
551 601 728 677 cupiditatis
748 608 862 673 ardore,
880 600 966 677 jussit
985 590 1090 656 adferri

132 687 240 775 patrio
268 706 357 745 more
380 702 487 758 panem
505 688 614 747 —hoo
633 699 703 753 erat
728 696 808 771 apud
827 693 994 750 Macedonas
1009 698 1089 742 sane-

139 776 309 845 pissimum,
326 775 497 834 coeuntium
516 779 668 854 pignuslfl,
684 801 826 861 —quem
848 782 972 841 divisum
992 772 1090 851 glale

145 876 279 937 uterque
298 867 422 923 libabat.
440 866 493 939 [28]
509 868 603 927 Credo
619 889 683 945 eos,
698 877 750 949 qui
765 874 858 949 gentis
873 887 969 929 mores
990 861 1090 923 condi-

148 957 274 1024 derunt,
297 971 388 1027 parco
409 959 439 1011 et
454 959 577 1027 parabili
596 962 678 1019 vietu
705 966 855 1021 ostendere
875 958 1001 1018 voluisse
1018 954 1088 1027 jun-

133 1040 297 1122 ¹gentibus
341 1058 412 1115 opes
422 1046 457 1113 ⁸⁷,
495 1048 637 1117 quantulo
674 1050 803 1108 contenti
836 1066 898 1107 esse
930 1044 1083 1103 deberent.

155 1131 212 1210 [29]
231 1129 296 1186 Hoo
311 1133 398 1189 modo
419 1148 469 1187 rex
491 1135 566 1191 Asiae
590 1141 619 1191 et
640 1136 765 1211 Europae
790 1138 984 1195 introductam
1011 1130 1088 1186 inter

157 1217 326 1280 convivales
340 1221 425 1275 ludos
440 1222 626 1280 matrimonio
642 1224 700 1283 sibi
722 1227 860 1300 adjunxit,
878 1222 1025 1295 eeaptiva
1038 1232 1089 1289 ge·

159 1310 278 1365 niturus
300 1307 350 1378 qui
370 1304 533 1365 victoribus
552 1311 722 1382 imperaret.
747 1315 798 1389 [30]
824 1311 954 1370 Pudebat
977 1305 1088 1364 amieos

161 1396 279 1465 super³⁸
293 1393 393 1449 vinum
415 1397 445 1449 et
459 1398 561 1465 epulas
580 1414 715 1458 socerum
740 1420 772 1459 ex
793 1400 897 1457 deditis
909 1414 976 1455 esse
992 1394 1089 1450 delec-

161 1490 242 1548 tum3
258 1482 320 1553 sed,
344 1486 410 1554 post
434 1481 504 1540 Cliti
526 1487 632 1543 eadem
653 1490 817 1549 libertate⁵⁹
838 1490 963 1555 sublata,
992 1482 1089 1548 vultu,

163 1573 212 1647 qui
228 1576 352 1632 maxime
366 1570 497 1642 servitu,
513 1577 757 1641 assentiebantur.

164 1802 318 1865 Pre'paratiis
328 1805 359 1853 de
374 1800 539 1864 l'expeditiou
551 1805 615 1853 dens
626 1805 898 1862 liade-Alexandra
910 1806 975 1850 veut
987 1813 1017 1847 se
1028 1794 1097 1844 inire

185 1874 275 1922 ndorer
287 1890 292 1923 :
304 1873 449 1940 opposition
461 1871 509 1922 des
520 1875 698 1932 Macedoniens
710 1889 735 1934 et
746 1883 845 1930 surtout
857 1876 889 1923 de
903 1869 1079 1922 Callisthene.

201 2026 233 2081 V·
247 2026 280 2098 [l]
298 2027 445 2088 Ceterum,
461 2019 574 2077 Indiam
591 2027 619 2080 et
633 2027 701 2089 inde
717 2036 865 2089 Oceanum
881 2021 1048 2094 petiturae,
1063 2031 1102 2070 ue

163 2114 233 2182 quid
248 2132 264 2169 a
278 2118 371 2186 tergo,
394 2109 471 2183 quod
496 2108 640 2168 destinata
664 2117 808 2195 impedire
830 2113 945 2184 posset,
969 2119 1105 2161 morere·

163 2205 220 2268 tur,
248 2221 281 2260 ex
308 2201 441 2258 omnibus
464 2199 620 2270 provinciis
642 2221 697 2266 xxx
719 2205 821 2269 millia
853 2198 1014 2272 juniorum
1045 2191 1106 2264 legi

160 2288 248 2359 jussit
263 2296 292 2347 et
310 2293 391 2348 adse
407 2291 518 2344 armata
539 2291 668 2366 perduoi,
683 2298 813 2360 obsides
833 2287 924 2346 simul
948 2285 1109 2342 habiturus
1146 2309 1150 2316 ·

162 2381 188 2432 et
203 2379 319 2436 milites.
347 2378 381 2451 [2]
397 2376 549 2433 Craterum
568 2384 665 2442 autem
689 2377 735 2450 ω
764 2377 993 2457 persequendos
1016 2374 1112 2430 Hans-

159 2541 280 2592 uaisseuee.
304 2569 332 2578 —
349 2553 383 2591 32.
407 2544 538 2594 dedeceret,
554 2546 583 2588 el.
641 2565 741 2608 tecum.
765 2550 841 2588 -sn
853 2543 1000 2586 coeuntium
1013 2541 1111 2598 plynos,

158 2601 194 2654 lv,
209 2617 241 2657 vl,
257 2615 291 2654 39.
306 2631 333 2637 -
347 2613 380 2652 33.
393 2606 475 2656 coisse,
488 2603 584 2662 e'ponser,
641 2625 756 2674 symbolo
786 2609 818 2651 du
834 2604 938 2658 mariage.
955 2627 986 2636 —
1006 2611 1043 2650 37.
1060 2604 1115 2660 jern-

157 2664 251 2712 ullusion
272 2672 285 2714 a
299 2669 382 2728 Briseis
396 2664 521 2725 qu'Aehille
533 2680 585 2712 rou.
639 2689 775 2736 qemi-bus
792 2679 852 2721 opes,
861 2677 915 2708 noos
932 2677 1009 2710 avons
1022 2679 1051 2709 en
1064 2665 1116 2707 iran-

157 2727 195 2769 lnit
212 2732 302 2786 e'pouser
323 2745 349 2775 en
367 2731 463 2787 legitime
476 2728 582 2784 mariage:
639 2745 685 2790 cais
702 2753 771 2796 une
798 2727 890 2774 locution
903 2729 1025 2782 analogue
1042 2727 1116 2772 :onir

155 2799 202 2842 roy,
219 2793 256 2846 It,
271 2795 330 2847 ΧΙΧ,
344 2803 389 2842 297.
400 2817 428 2826 -
442 2798 476 2838 34.
495 2792 585 2842 inferri
640 2785 705 2857 iem
720 2800 863 2866 fortunus.
873 2813 899 2820 -
914 2796 954 2834 33.
966 2804 1058 2846 super,
1071 2799 1115 2842 vop.

155 2855 230 2922 flesse,
258 2857 434 2903 litte'relement:
458 2867 500 2899 une
520 2855 606 2902 otiose-
639 2869 704 2920 Rom·
726 2868 801 2920 183·
817 2857 886 2896 -³9.
900 2846 1020 2908 libertas,
1036 2854 1088 2896 dane
1099 2851 1116 2892 le

156 2924 220 2979 nnpre
237 2918 282 2962 tire
299 2923 372 2974 portes
385 2933 423 2976 par
440 2918 472 2962 lui
490 2915 544 2960 dans
558 2933 583 2964 ea
639 2942 690 2980 gens
703 2942 717 2984 d
723 2950 743 2981 θ
768 2919 879 2972 pappele,
888 2912 909 2954 le
923 2913 992 2959 franc
1006 2917 1114 2970 parler.-

156 2983 197 3025 vie,
223 2979 358 3026 obst-‘adire
381 2986 435 3028 dene
456 2981 477 3023 la
500 2978 535 3021 rie
557 2983 583 3027 de
638 2995 673 3040 40·
690 2973 892 3048 „minuenti
913 2977 999 3026 lade
1014 2979 1117 3034 plusser-

154 3031 247 3083 Roxane.
260 3047 415 3105 -35.J‘uu9‡,
425 3045 583 3091 annemundo
639 3059 683 3106 vile
695 3063 779 3113 dans
795 3041 903 3088 rheuma

231 3132 242 3160 t
