2317 3500
871 124 958 211 [nov.
974 126 1044 210 333]

150 270 260 322 moress
281 267 421 324 veneratae
444 265 520 318 sunt.
541 262 620 331 lude,
643 280 676 319 ex
697 262 815 334 captivis
838 262 1010 334 spadonibus
1021 265 1046 300 ¹⁸

151 355 243 427 quis¹⁹
265 353 421 408 Alexander
443 354 519 407 esset
543 351 779 416 monstrantibus,
805 348 974 422 Sisigambis
995 355 1047 410 ad-

152 141 187 196 46
476 151 504 200 o.
528 148 619 192 cunni
642 149 717 192 nuri

150 445 247 499 voluta
271 444 315 498 est
335 440 455 512 pedibus
471 438 543 512 ejus,
564 438 773 511 ignorationem
794 460 949 516 numquam
964 447 1047 499 antea
1109 474 1114 480 -
1150 486 1152 489 ,

90 567 93 575 ·
150 533 203 590 visi
225 533 302 606 regis
321 549 458 589 excusans
466 535 502 586 ²⁰.
523 532 615 599 Quam
629 550 716 589 manu
731 533 858 588 allevans
868 549 935 588 rex:
952 553 966 585 a
982 532 1045 589 Non

151 622 287 692 errasti»
305 621 408 695 inquit,
425 625 551 688 «mater,
567 638 633 677 nam
652 624 681 677 et
698 620 745 676 hic
765 620 921 677 Alexander
941 624 1021 678 est.»

187 710 241 784 [18]
258 709 396 782 Equidem
404 710 457 765 hae
468 708 642 764 continentia
655 708 742 764 animi
755 707 779 764 si
792 709 827 764 ad
839 707 972 764 ultimum
983 706 1049 763 vitae

152 815 331 870 perseverare
344 797 493 870 potuisset,
509 796 663 854 feliciorem
679 795 765 852 luisse
776 796 950 852 erederem²¹
962 811 1050 866 quam

153 888 229 944 visus
242 891 284 943 est
297 903 370 955 esse,
385 903 449 942 eum
468 885 561 941 Liberi
575 885 665 957 patris
680 883 841 940 imitaretur
858 884 1048 954 triumphum,

153 993 241 1047 usque
254 978 288 1032 ab
301 975 485 1047 Hellesponto
499 975 535 1030 ad
548 975 691 1032 Oceanum
705 989 804 1030 omnes
818 977 920 1045 gentes
930 971 1051 1028 victoria

152 1077 296 1120 emensus.
323 1062 375 1134 [19]
403 1062 450 1117 Sic
478 1061 592 1118 vicisset
620 1061 746 1133 prolecto
771 1060 934 1132 superbiam
963 1063 1052 1130 atque

153 1151 235 1221 iram,
250 1153 326 1208 mala
337 1151 442 1207 invicta
455 1168 464 1206 ε,
479 1150 519 1206 sic
530 1149 715 1207 abstinuisset
725 1150 801 1206 inter
815 1150 912 1222 epulas
926 1146 1052 1203 caedibus

153 1241 347 1308 amicorumffl,
357 1238 625 1312 egregiosquebello
632 1239 720 1306 viros,
728 1244 757 1295 et
764 1241 807 1294 tot
816 1237 945 1311 gentium
952 1252 1052 1291 secum

153 1329 318 1396 domitores,
334 1326 438 1382 indicta
450 1343 544 1397 causa,
553 1327 662 1383 veritus
675 1329 751 1382 esset
765 1325 901 1381 occidere.
921 1323 974 1396 [20]
991 1323 1053 1380 Sed

153 1417 279 1472 nondum
295 1416 459 1472 fortunase
480 1415 573 1471 animo
597 1415 659 1487 ejus
681 1413 929 1486 superfuderat²³z
952 1412 1055 1484 itaque

154 1505 292 1562 orientem
304 1508 362 1560 tam
375 1505 519 1560 moderate
533 1507 561 1560 et
579 1505 735 1575 prudenter
758 1503 839 1571 tulit,
858 1503 893 1558 ad
916 1500 1056 1556 ultimum

154 1593 378 1666 magnitudinem
398 1594 459 1666 ejus
477 1611 534 1649 non
554 1594 636 1666 cepit.
658 1593 711 1667 [21]
732 1595 809 1648 Tunc
826 1592 942 1664 quidem
965 1591 1006 1647 ita
1019 1608 1056 1648 se

154 1681 242 1761 gessit
264 1687 297 1737 ut
319 1699 417 1739 omnes
435 1687 503 1739 ante
521 1700 586 1740 eum
604 1699 688 1756 reges
707 1686 736 1738 et
755 1680 929 1738 continentia
948 1683 976 1735 et
993 1682 1058 1738 cle-

154 1772 259 1829 mentia
270 1772 460 1829 vincerentur.

191 1858 320 1931 Virgines
339 1860 487 1933 reginas²⁴
507 1859 668 1916 excellentis
687 1860 785 1915 formae
803 1863 862 1914 tam
881 1860 976 1913 sancte
996 1858 1059 1913 ba-

153 1947 216 2003 buit
234 1964 319 2020 quam
340 1948 364 2003 si
383 1950 491 2017 eodem,
512 1964 567 2019 quo
583 1948 652 2018 ipse,
669 1952 785 2019 parente
802 1947 907 2018 genitae
931 1948 1054 2003 forent:

156 2034 209 2107 [22]
227 2036 376 2107 conjugem
391 2035 556 2107 ejusdem²³‚
567 2052 653 2106 quam
662 2036 741 2091 nulla
750 2034 841 2090 aetatis
853 2050 912 2089 suae
926 2033 1057 2105 pulchri·

154 2122 252 2177 tudine
266 2122 393 2193 corporis
405 2122 481 2191 vioit,
493 2124 562 2178 adeo
577 2123 637 2195 ipse
653 2140 709 2179 non
722 2122 848 2191 violavit,
860 2125 893 2179 ut
907 2139 1057 2181 summam

155 2210 315 2266 adbibuerit
335 2227 433 2266 curam
454 2228 489 2266 ne
510 2210 574 2282 quis
598 2212 707 2283 captivo
727 2210 867 2282 corpori²⁰
887 2210 1024 2266 illuderet
1046 2235 1055 2271 :

155 2315 267 2355 omnem
284 2300 392 2355 cultum
410 2298 489 2354 reddi
508 2299 620 2355 leminis
640 2298 734 2371 jussit,
757 2298 811 2371 [23]
828 2316 879 2355 nec
897 2299 1057 2371 quicquam

155 2404 187 2441 ex
199 2388 324 2457 pristinae
344 2388 465 2444 fortunae
482 2388 693 2461 magnificentia
713 2387 841 2459 captivis,
855 2391 959 2460 praeter
976 2388 1057 2445 fidu-

129 2549 132 2554 ·
155 2474 237 2543 ciam,
259 2476 356 2533 defuit.
378 2476 430 2550 [nt]
447 2476 545 2549 ltaque
566 2477 757 2549 Sisigambis:
784 2498 798 2530 a
823 2477 881 2533 Rex
900 2496 926 2545 u,
944 2476 1055 2552 inquit,

155 2656 237 2687 comme
249 2645 268 2687 le
281 2656 330 2698 gree
340 2643 442 2699 παῤῥησία.
450 2666 475 2677 -
490 2652 522 2691 ll.
532 2656 575 2687 soc

154 2719 226 2757 moro.
239 2705 370 2749 c'est-l-dire
380 2718 386 2748 :
398 2717 478 2748 comme
489 2706 509 2749 le
530 2706 576 2749 font

155 2770 186 2812 les
202 2770 279 2813 Perses
296 2767 331 2822 (en
344 2780 367 2811 se
382 2769 533 2822 prosternant).
549 2791 575 2799 -

629 2650 703 2688 trouve
717 2657 755 2701 pas
768 2645 862 2696 realisda
877 2649 934 2687 avait
949 2646 983 2687 ete
995 2657 1057 2690 rern—

629 2708 678 2761 plie.
686 2730 712 2738 -
723 2714 756 2751 22.
771 2707 909 2759 metrorum,
922 2707 1055 2761 hyperbole:

628 2769 702 2811 Clitar
713 2773 747 2811 est
759 2769 779 2811 le
791 2768 836 2811 seul
849 2767 887 2823 qui
903 2767 936 2810 lut
947 2769 983 2810 tue
998 2771 1059 2815 dans

157 2839 188 2875 lo.
201 2832 390 2886 coapcdooiboa,
402 2832 574 2885 replicatam.

155 2916 180 2925 —
206 2902 237 2939 ¹9.
262 2895 322 2948 quis,
347 2906 394 2949 roy.
412 2893 474 2935 Rure.
496 2900 529 2937 sl.
549 2910 575 2921 —

155 2961 188 2996 2ο.
204 2968 328 3009 weuram,
346 2955 453 3008 alleguant
470 2966 523 3008 pour
541 2966 575 2995 ex-

155 3024 211 3057 cuse.
229 3039 255 3049 -
265 3025 299 3063 21.
314 3018 435 3069 credam,
455 3014 575 3071 l'imparlait

156 3079 281 3129 [1131211θίοἰ
293 3082 371 3135 qu'une
379 3078 443 3123 chose
455 3077 524 3123 aurait
532 3077 573 3121 lieu

156 3135 174 3177 si
183 3137 231 3179 telle
245 3151 270 3181 ou
281 3142 330 3184 telle
342 3142 458 3194 condition,
471 3140 507 3197 qui
517 3154 544 3184 ne
552 3152 575 3185 se

629 2842 657 2872 un
673 2830 744 2873 lestin.
753 2853 781 2863 —
794 2836 827 2875 23.
837 2842 861 2872 ee
874 2829 1057 2888 supersederat,

629 2892 707 2935 n'avuit
727 2906 765 2948 pas
785 2892 876 2936 deborde
890 2893 916 2935 de
931 2904 971 2935 son
982 2904 1056 2950 coeur,

628 2955 682 2997 dans
698 2968 728 2997 un
743 2955 817 2997 sensa
831 2967 872 3010 peu
886 2955 933 3009 pres
944 2955 1060 3010 analoguo

627 3018 651 3060 a:
662 3030 688 3060 ne
696 3017 769 3061 l'avait
776 3030 814 3073 pas
825 3017 977 3062 enirm-211.
985 3021 1058 3075 repr·-

626 3091 680 3134 ocr,
691 3093 740 3135 roy.
750 3081 813 3124 Rem.
820 3086 854 3125 to.
862 3086 927 3125 -25.
935 3079 1057 3139 ejusdam,

627 3145 757 3189 o’eota-dire
774 3144 850 3187 Darii.
867 3165 893 3173 -
908 3150 941 3187 aa.
956 3148 1055 3197 captiua
