2317 3500
147 225 184 278 38
352 240 381 291 c·
405 237 497 287 cuam
520 238 595 285 surr
617 239 713 286 cruca
735 243 782 286 m.
868 221 954 308 [nov.
971 223 1045 307 aaa]
1080 262 1083 265 -

147 349 297 408 discrimen
310 354 424 411 strenue
438 355 601 411 transtert³.
611 356 646 429 [3]
660 355 813 411 Subductis
825 354 925 411 deinde
938 351 971 411 ex
984 357 1048 412 acie

147 442 289 498 Thessalis
304 444 457 515 equitibus,
470 445 635 516 praelectum
658 461 758 500 eorum
771 446 879 500 occulte
894 445 1049 500 circumire

147 534 259 604 tergum
275 549 392 588 suorum
401 534 490 606 jubet,
506 534 743 606 Parmenionique
760 535 905 608 conjungi,
921 538 958 600 et,
967 536 1048 607 quod

146 619 170 674 is
185 620 362 692 imperasset,
377 622 497 694 impigre
516 623 639 695 exsequi.

184 707 219 782 [t]
235 708 355 782 Jamque
372 711 510 766 immissi*
530 711 558 765 in
579 710 703 766 medium
726 711 890 776 Persarum,
917 712 1047 783 undique

147 795 318 865 circumfusi,
340 799 454 871 egregie
474 815 504 854 se
527 800 689 869 tuebantur,
710 801 759 855 sed
773 799 894 855 conferti
912 803 941 855 et
961 798 1047 872 quasi

147 886 329 953 cohaerentes,
349 889 406 943 tela
430 886 541 943 vibrare
568 904 626 943 nou
652 891 812 959 poterant:
839 887 943 943 simul⁵
962 891 1050 943 erant

147 975 260 1040 emissa,
272 975 301 1030 in
315 977 429 1032 eosdem
441 976 638 1032 concurrentia
649 976 875 1048 implicabantur,
889 975 1002 1047 levique
1016 980 1050 1032 et

146 1079 218 1119 vano
238 1063 298 1119 ictu
321 1081 410 1136 pauca
428 1065 457 1120 in
480 1065 604 1135 hostem,
622 1065 705 1136 plura
720 1064 749 1120 in
769 1065 905 1119 humum⁶
929 1063 1049 1120 innoxia

147 1152 292 1208 cadebant.
322 1153 414 1226 Ergo,
435 1154 595 1209 comminus
614 1169 739 1224 pugnam
765 1152 853 1208 coacti
882 1167 1046 1223 conserere,

147 1240 256 1311 gladios
272 1240 393 1312 impigre
403 1241 558 1312 stringunt.
573 1241 609 1314 [5]
626 1241 697 1296 Tum
712 1257 779 1296 vero
793 1241 916 1296 multum
929 1241 1049 1311 sangui·

147 1328 192 1382 nis
207 1329 301 1383 lusum
317 1332 374 1384 est:
385 1330 446 1384 duae
457 1329 560 1402 quippe
571 1330 645 1385 acies
659 1330 699 1385 ita
714 1329 901 1398 cohaerebant,
909 1333 942 1384 ut
955 1330 1049 1385 armis

148 1432 228 1472 arma
238 1417 393 1486 pulsarent,
407 1433 557 1473 mucrones
567 1417 596 1472 in
613 1433 663 1472 ora
677 1417 842 1490 dirigerent.
855 1417 918 1473 Non
930 1417 1047 1488 timido,

148 1521 204 1559 non
219 1504 320 1576 ignavo
333 1510 461 1560 cessare⁷
476 1509 537 1560 tum
553 1505 631 1560 licuit
648 1506 768 1561 :collato
783 1506 969 1577 pede⁸,quasi
985 1506 1049 1562 sin·

148 1592 207 1664 guli
227 1593 301 1647 inter
319 1609 349 1648 se
364 1593 539 1663 dimicarent,
552 1593 582 1649 in
597 1595 696 1648 eodem
710 1593 831 1667 vestigio
849 1594 973 1661 stabant,
990 1596 1050 1650 do-

149 1697 200 1735 nec
211 1681 348 1737 vincendo
362 1683 454 1737 locum
470 1681 522 1738 sibi
540 1683 673 1737 lacerent.
690 1682 726 1755 [6]
746 1683 819 1737 Τιιιιι
838 1684 953 1737 demum
974 1700 1050 1756 ergo

148 1771 351 1840 promovebant
373 1772 507 1843 gradum,
530 1788 595 1826 cum
619 1772 731 1826 hostem
757 1775 980 1843 prostraverant.
1010 1775 1052 1830 At

149 1856 232 1914 illos⁹
246 1876 337 1915 novus
350 1859 504 1930 excipiebat
519 1859 698 1916 adversarius
712 1858 856 1929 fatigatos,
870 1876 921 1914 nec
940 1861 1051 1916 vulne-

149 1947 214 2015 rati,
235 1951 267 2003 ut
289 1948 357 2004 alias
373 1949 478 2015 solent,
496 1948 557 2003 acie
571 1951 704 2018 poterant
717 1948 861 2017 excedere,
874 1964 940 2003 cum
953 1948 1051 2007 hostis

150 2036 269 2091 instaret
284 2036 413 2105 afronte,
430 2052 446 2090 a
465 2040 545 2107 tergo
563 2036 637 2091 sui¹⁰
652 2038 795 2107 urgerent.

186 2121 221 2194 [7]
246 2123 400 2177 Alexander
421 2139 477 2178 non
502 2122 580 2179 ducis
604 2122 696 2195 magis
718 2140 804 2195 quam
827 2124 928 2180 militis
948 2127 1053 2185 munia

150 2212 364 2282 exsequebatur,
396 2210 550 2282 opimum¹¹
587 2213 672 2267 decus
699 2228 771 2268 caeso
796 2228 864 2283 rege
888 2218 1051 2284 expetens:

150 2300 252 2371 quippe
271 2299 373 2355 Darius
395 2316 480 2356 curru
496 2298 626 2355 sublimis
636 2305 659 2335 ¹²
678 2299 830 2368 eminebat,
849 2304 876 2355 et
892 2300 952 2356 suis
968 2304 1003 2357 ad
1020 2321 1054 2362 se

149 2389 286 2443 tuendum
301 2392 329 2444 et
347 2389 477 2445 hostibus
493 2390 527 2444 ad
544 2389 743 2444 incessendum
761 2390 862 2461 ingens
877 2389 1056 2449 incitamen-

150 2479 221 2550 tum.
243 2476 278 2550 [8]
301 2477 375 2549 Ergo
402 2478 489 2533 frater
515 2478 575 2549 ejus
600 2476 748 2546 Oxathres,
771 2494 835 2532 cum
855 2478 1057 2540 Alexandrum

151 2564 257 2621 instare
273 2564 297 2621 ei
317 2570 454 2633 cerneret,
476 2567 586 2638 equites
607 2565 711 2637 quibus
725 2568 846 2635 praeerat
869 2570 935 2622 ante
954 2566 1056 2639 ipsum

100 2638 105 2645 ’
151 2668 266 2708 currum
280 2654 357 2727 regis
375 2653 486 2725 objecit.
507 2652 601 2708 Armis
615 2656 643 2709 et
663 2653 765 2707 robore
785 2653 912 2724 corporis
924 2657 1056 2718 multum

153 2916 197 2955 mot
210 2910 256 2954 olo.
271 2933 298 2941 —
307 2914 326 2953 3.
338 2909 483 2963 conspersit...
496 2912 573 2949 tronc-
626 2910 697 2947 contre
708 2906 769 2960 pied;
782 2907 810 2949 ct.
820 2906 911 2949 collatis
923 2908 1013 2964 cignis.
1030 2936 1062 2948 -

151 2973 202 3024 sort,
211 2984 258 3026 roy.
268 2974 331 3015 Ram.
342 2977 420 3015 13¹.-
428 2976 449 3013 4.
458 2969 569 3018 immissi,
625 2975 646 3011 9.
656 2968 719 3019 illos,
728 2969 948 3011 lesMactdonicns-
957 2978 1044 3019 lomus·
1050 2994 1056 3017 :

152 3044 201 3085 roy.
213 3035 275 3075 Rern.
294 3040 339 3077 ιιι.
357 3054 383 3063 -
400 3038 419 3075 5.
431 3031 504 3073 simul
519 3041 572 3082 pour
625 3032 1062 3085 voy.Rem.57.-lt.opimwn,lerm0

152 3094 267 3135 simulac.
281 3118 307 3125 -
323 3101 343 3138 6.
363 3094 391 3135 tn
402 3094 500 3135 bornum
512 3090 572 3144 equi·
625 3094 724 3135 consecro
731 3092 767 3146 qui
777 3092 895 3146 s’applique
902 3105 944 3135 aux
954 3094 1063 3149 dc'pouil.

153 3155 224 3195 vaula
236 3156 310 3198 hunsl.
323 3180 349 3187 -
364 3164 384 3200 7.
397 3168 492 3207 musore,
506 3159 572 3197 reslcr
625 3152 656 3194 lus
666 3154 764 3195 eulevtss
772 3164 810 3209 par
818 3165 847 3194 ιιιι
857 3154 943 3205 general
951 3162 1063 3211 augens.

154 3216 234 3259 inactil.
250 3239 278 3250 —
300 3226 320 3263 t.
343 3220 425 3265 corusco
441 3220 508 3274 pede,
523 3212 571 3276 pi'ed
625 3213 693 3257 raldo
706 3213 1062 3268 larmaennemu.-12.aea.
