2317 3500
189 59 246 115 212
511 68 541 122 a
565 66 656 114 nourr
677 67 751 112 nuni
920 44 994 127 [arri
1014 45 1090 129 329]

190 183 313 258 quitaret
331 183 432 250 hostis,
452 184 544 240 adhuc
562 199 639 256 aeger
650 198 683 239 ex
695 181 851 264 vulneress,
920 177 1003 252 cipue
1017 193 1093 240 voce

190 272 332 340 deficiens,
349 289 434 344 quam
455 276 484 327 et
503 269 632 327 modicus
645 270 725 326 cibus
745 272 773 326 et
786 269 902 325 cervicis
916 269 1095 328 extenuabat

191 361 280 431 dolor,
296 361 400 417 amicos
414 361 443 416 in
455 359 604 418 consilium
619 359 747 416 advocari
759 359 849 432 jubet.

227 449 260 522 [6]
281 448 417 506 Terrebat
438 465 515 517 eum,
533 465 591 504 non
602 447 704 516 hostie,
717 447 767 503 sed
781 445 916 519 iniquitas
937 445 1089 518 temporis.

190 537 332 592 Bactriani
347 537 516 606 defecerant,
526 535 638 608 Scytha
650 533 736 592 etiam
748 535 941 591 lacessebant:
953 532 1013 605 ipse
1028 550 1092 590 non

190 625 321 681 insistere
339 625 368 681 in
386 629 472 695 terra,
488 641 544 681 non
559 641 632 697 equo
650 622 725 695 vehi,
740 640 797 680 non
817 625 928 693 docere,
944 639 1002 678 non
1017 624 1093 680 hor-

190 712 243 768 tari
265 727 332 769 suos
355 715 474 782 poterat.
496 711 530 784 [7]
554 711 676 783 Ancipiti
697 711 823 782 periculo
845 710 1001 783 implicitus
1019 712 1093 768 deos

163 817 302 875 ‚quoque
325 800 466 869 incusans
491 802 663 872 querebatur
683 817 714 856 se
732 799 826 872 jacere
855 816 983 872 segnem,
1006 800 1093 873 cnjus
1155 792 1156 795 '

191 889 366 946 velocitatem
380 905 464 945 nemo
475 891 558 944 antea
571 887 707 944 valuisset
721 887 863 959 effugere:
878 886 924 943 vix
938 903 1006 942 suos
1027 904 1095 944 cre-

190 977 257 1033 dere
279 994 337 1034 non
367 977 495 1033 simulari
505 981 528 1014 ¹³
550 976 751 1033 valetudinem.
776 975 809 1049 [8]
836 974 924 1045 lta¹⁴,
948 975 998 1048 qui
1024 982 1095 1046 post

192 1063 308 1119 Darium
321 1063 428 1120 victum
438 1067 460 1102 ²⁶
474 1061 600 1119 hariolos
617 1066 646 1119 et
658 1065 769 1118 vates¹⁸
782 1063 930 1118 consulere
952 1061 1093 1137 desierat,

190 1170 290 1210 rursus
304 1155 339 1209 ad
348 1151 589 1223 superstitionem,
597 1152 788 1213 humanarum
802 1150 943 1206 mentium
952 1151 1093 1222 ludibria,

191 1241 347 1311 revolutus,
369 1239 578 1310 Aristandrum,
593 1239 639 1296 cui
660 1240 856 1296 credulitatem
871 1257 953 1296 suam
971 1239 1095 1298 addixe-

191 1332 246 1394 rat,
260 1331 405 1401 explorare
419 1332 553 1383 eventum
567 1344 665 1384 rerum
681 1328 824 1384 sacrificiis
837 1328 927 1402 jubet.

225 1415 287 1472 Mos
313 1419 374 1472 erat
394 1416 591 1488 haruspicibus
612 1421 704 1473 exta¹²
727 1416 789 1473 sine
811 1433 879 1488 rege
899 1420 1038 1488 spectare,
1063 1425 1098 1477 et

192 1521 253 1575 quaa
275 1504 513 1576 portenderentur
533 1506 650 1562 referre.
676 1505 709 1578 [9]
736 1503 813 1560 Inter
839 1504 909 1573 haec,
929 1521 990 1574 rex,
1020 1505 1097 1564 dum

193 1591 272 1650 libris
281 1593 421 1664 pecudum
434 1594 617 1664 explorantur
625 1598 741 1650 eventus
749 1593 899 1649 latentium
909 1609 1018 1659 rerum,
1027 1611 1098 1663 pro-

193 1682 256 1754 pius
274 1682 365 1754 ipsum
375 1687 398 1721 ¹⁸
417 1682 563 1740 considere
581 1683 699 1757 [deinde]
712 1682 818 1738 amicos
825 1682 914 1755 jubet,
925 1699 961 1738 ne
974 1687 1098 1741 conten-

192 1772 269 1828 tione
282 1773 358 1829 vocis
372 1770 532 1829 cicatricem
544 1772 686 1829 infirmam
700 1772 791 1828 adhuc
804 1774 959 1843 rumperet.
970 1772 1099 1843 Hephae-

194 1859 258 1929 stio,
285 1859 419 1916 Craterus
445 1862 474 1915 et
501 1860 634 1931 Erigyius
662 1862 744 1917 erant
766 1875 830 1915 cum
858 1859 1026 1915 custodibus
1064 1862 1099 1919 in

193 1949 404 2004 tabernaculum
419 1945 549 2003 admissi.
568 1947 620 2021 [10]
632 1967 646 2001 e
658 1947 815 2004 Discrimen
825 1951 848 1985 ¹⁹
857 1967 884 2016 n,
897 1947 1000 2019 inquit,
1014 1967 1030 2002 e
1046 1967 1100 2009 me

194 2037 340 2108 occupavit
358 2036 506 2093 meliore²⁰
530 2036 657 2092 hostium
688 2052 774 2108 quam
794 2053 857 2093 meo
880 2039 1016 2108 tempore.
1035 2038 1102 2097 Sed

195 2124 345 2181 necessitas
368 2127 434 2181 ante
464 2121 605 2179 rationem
635 2127 688 2193 est,
721 2124 842 2182 maxime
860 2123 890 2179 in
919 2123 1005 2197 bello,
1035 2144 1101 2199 quo

195 2228 260 2268 raro
272 2212 447 2283 permittitur
454 2214 583 2283 tempora
596 2213 701 2285 legere.
718 2212 769 2286 [ll]
785 2211 919 2269 Defecere
934 2212 1100 2289 Bactriani,

195 2300 224 2354 in
247 2316 370 2370 quorum
393 2299 549 2356 cervicibus
576 2303 725 2368 stamus21,
741 2304 779 2369 et,
805 2301 989 2373 quantumin
1008 2305 1101 2364 nobis

196 2387 295 2445 animit
320 2389 367 2458 sit,
388 2390 479 2447 alieno
508 2388 630 2446 Marte²²
649 2390 874 2461 experiuntur't
900 2390 982 2445 Haud
1006 2392 1102 2454 dubia

194 2640 277 2684 Darius.
291 2658 317 2671 -
342 2647 374 2685 12.
385 2652 445 2697 aper
466 2652 495 2684 αι·
512 2640 615 2692 vulnera,
668 2652 729 2691 men,
753 2640 779 2681 ds
800 2650 877 2692 graves
899 2640 1046 2687 trinoments.
1070 2668 1103 2680 -

194 2715 240 2757 roy.
258 2702 321 2745 Rem.
337 2706 381 2747 191.
395 2725 423 2735 ·-
445 2709 480 2747 11.
494 2700 615 2753 simulari,
668 2708 702 2743 20.
711 2701 815 2754 metiore,
822 2702 967 2745 construction
978 2715 1020 2757 peu
1031 2706 1103 2760 regu.

194 2762 292 2819 suppltez
306 2764 478 2807 Alemondrum.
487 2784 514 2797 ·-
525 2768 559 2808 11.
573 2762 614 2814 tto,
669 2763 734 2807 litre:
748 2776 777 2806 on
786 2764 901 2807 attendrait
911 2766 1007 2810 castiore
1025 2767 1104 2814 hosti-

194 2828 245 2869 e'est
257 2826 373 2881 pourquoi.
383 2848 411 2858 -
421 2826 559 2869 lovanium
570 2824 617 2865 vio·
668 2825 709 2868 bus
716 2837 788 2879 quoru
795 2824 918 2870 mihi—21.
928 2828 957 2868 tn
964 2839 1101 2880 quarm„

195 2898 252 2944 tum,
268 2902 318 2945 roy.
332 2893 395 2935 Rea.
409 2896 489 2935 ltn-
502 2896 533 2934 16.
545 2893 615 2941 vates,
667 2891 768 2939 ammos,
784 2898 823 2929 sur
834 2887 854 2929 la
872 2888 915 2931 ttte
930 2889 1031 2945 desquels
1045 2894 1103 2947 poss

198 2966 244 3007 vop.
257 2953 387 2997 Dicthst.
399 2976 426 2984 -
446 2956 549 3000 inemo,
563 2961 615 2991 cua·
669 2948 845 3003 1111111113.-
857 2956 891 2993 22.
911 2950 989 2994 alieno
1010 2952 1102 3012 Marto,

195 3014 294 3066 rodens,
307 3025 356 3067 roy.
366 3014 490 3057 litotllist.
501 3035 530 3045 -
538 3017 570 3057 11.
578 3011 616 3064 ip-
656 3022 705 3064 ¹par
717 3022 759 3055 nae
777 3021 852 3063 guerre
864 3011 902 3066 qni
921 3024 948 3054 ne
965 3011 999 3055 les
1016 3018 1103 3062 tenebo

195 3085 257 3127 suot,
267 3085 315 3129 vop.
326 3075 390 3119 Rom.
402 3080 472 3120 02.—
486 3080 518 3120 11.
530 3073 615 3116 diocri-
667 3072 956 3128 pia-assemanum,
965 3072 995 3118 ils
1005 3077 1103 3125 venient
