2317 3500
98 133 240 226 penest]
489 132 587 180 unm
608 138 650 183 1v·
978 142 1013 200 95

128 273 190 344 qm
198 232 410 344 ξω(ῃῖῐιὶὶηιει
422 247 455 282 ³⁶
473 245 526 319 qui
542 248 616 308 cirea
629 255 757 327 reginam
768 265 858 332 crant,
869 264 1008 339 Tyriotes,

106 340 411 426 austrepluetl‘lssem
428 333 601 408 lugentium
618 340 730 412 elapsus
743 362 794 416 ner
808 365 870 405 eam
884 356 1008 424 portam,

107 437 280 514 quae‚qu·„qb
297 422 398 479 hoste
413 439 528 512 aversa
539 430 608 496 erat,
625 429 715 487 levius
736 436 955 510 custodiebatur,
969 443 1009 497 ad¹

107 530 266 586 Dameam
276 510 441 594 pervenit,
453 518 647 590 exceptusque
657 513 827 592 a'vigilibus,
839 525 867 580 in
876 529 1008 585 taberna-

109 619 195 674 culum
208 614 281 686 regis
293 601 491 681 perducitur,
507 621 625 676 gemens
638 610 666 662 et
685 611 764 665 veste
784 611 918 669 lacerata.
954 617 1004 688 [26]

112 709 195 774 Quem
214 707 247 757 ut
261 693 414 768 conspexit
429 693 549 764 Darius,
569 694 717 767 multiplici
737 697 843 754 doloris
868 700 1008 772 exspecta-

111 782 210 852 tione⁵l
225 787 395 854 commotus,
406 787 438 840 et
449 781 520 856 quid
534 782 717 853 potissimum
731 784 846 841 timeret
860 787 986 846 incertus
1000 809 1007 845 :

115 881 236 938 «Vultus
245 873 382 946 u,inq·oit,
394 893 409 925 x
419 875 492 928 tuus
502 871 598 927 nescio
613 873 690 944 quod
704 872 805 944 ingens
819 875 927 930 malurn
939 893 1009 948 prae-

115 965 237 1036 iert,sed
251 978 315 1019 caue
330 959 428 1016 miseri
444 957 571 1014 hominis
586 959 703 1014 auribus
715 977 833 1031 parcas:
848 962 933 1019 didici
946 962 1035 1022 esse]

116 1055 220 1120 infelix,
240 1054 269 1107 et
291 1064 363 1120 saepe
386 1045 558 1102 calamitatis
578 1045 717 1101 solacium
737 1050 780 1103 est
799 1065 882 1104 nosse
902 1043 1038 1119 sortem]
1051 1009 1114 1111 ἧς’

115 1159 204 1200 suam.
222 1137 273 1211 [27]
283 1135 368 1205 Num,
378 1133 452 1206 quod
461 1131 583 1188 maxime
598 1131 764 1204 suspiceret
776 1134 1007 1207 demittamne,

115 1226 238 1287 ludibria
256 1238 384 1279 meorum
400 1219 584 1293 nuntiaturus
597 1237 638 1288 es,
654 1220 775 1289 mihiel,
791 1225 824 1276 ut
833 1224 927 1293 credo,
939 1225 1009 1296 ipsis

116 1329 229 1389 quoque
250 1308 327 1366 omni
349 1307 475 1362 tristiora
497 1307 656 1379 supplicio?
673 1328 685 1360 »
702 1307 754 1380 [28]
775 1309 818 1364 Ad
839 1309 898 1366 haec
912 1312 1009 1383 Tyrio-

116 1407 159 1459 tes
173 1423 179 1457 :
197 1421 210 1453 u
226 1398 337 1455 Istud³⁹
350 1394 462 1467 quidem
473 1395 571 1466 procul
586 1396 664 1450 abest
676 1415 700 1464 u,
712 1395 805 1468 inquit
820 1416 827 1451 ε
846 1403 1009 1470 «quantus-

117 1505 236 1561 cumque
251 1485 327 1542 enim
336 1482 443 1554 reginis
456 1483 547 1538 honos
560 1483 595 1538 ab
609 1482 653 1538 his
666 1483 715 1556 qui
730 1489 829 1555 parent
841 1486 938 1543 haberi
951 1492 1010 1558 pot-

118 1583 171 1646 est,
190 1576 247 1632 tuis
267 1573 402 1629 avictore
415 1575 544 1627 servatus
556 1574 609 1639 est,
623 1571 673 1627 sed
686 1588 758 1628 uxor
773 1577 822 1630 tua
837 1576 921 1646 paulo
945 1577 1009 1632 a'nte

118 1665 238 1723 excessit
251 1679 267 1718 e
280 1660 348 1718 vita.
358 1679 371 1710 n

155 1753 207 1827 [29]
223 1752 302 1806 'lunc
323 1764 389 1805 vero
411 1765 468 1803 non
490 1745 614 1820 gemitus
633 1747 728 1817 modo,
749 1749 903 1805 sedetiam
922 1751 1011 1823 ejula-

118 1846 196 1899 tus⁴⁰
222 1839 289 1894 totis
302 1834 402 1891 cestris
419 1833 652 1891 exaudiebantur.
670 1832 727 1889 Nec
749 1834 888 1891 dubitavit
909 1838 1011 1893 Darius

117 1927 188 2001 quin
211 1923 359 1980 interiecta
373 1925 457 1988 esset,
473 1920 540 1993 quie
560 1920 705 1991 nequisset
727 1923 929 1979 contumeliam
948 1941 1012 1995 per—

117 2012 187 2086 peti,
208 2012 400 2079 exclamatque
413 2024 511 2064 amens
528 2007 648 2063 dolore:
681 2027 694 2060 a
719 2008 802 2075 Quod
824 2026 878 2081 ego
901 2013 1011 2065 tantum

116 2101 199 2158 nefas
212 2096 349 2165 commisi,
363 2096 540 2152 Alexander?
558 2112 643 2167 quem
657 2100 774 2153 tuorum
789 2098 1013 2171 propinquorum

117 2187 227 2258 necari,
246 2191 277 2242 ut
289 2186 361 2240 hanc
372 2184 460 2239 ricem
472 2182 605 2241 redderes
619 2184 732 2241 saevitiae
743 2190 836 2243 meae?
851 2186 941 2241 Odisti
957 2202 1012 2251 me,

117 2294 179 2333 non
195 2276 309 2349 quidem
317 2278 339 2310 ⁴¹
354 2275 539 2343 provocatus:
555 2275 605 2328 sed
617 2273 692 2345 finge
703 2273 814 2346 justum
832 2273 963 2331 intulisse
986 2278 1013 2330 te

115 2366 238 2434 bellum,
253 2380 318 2418 cum
330 2362 440 2417 leminis
452 2376 519 2433 ergo
535 2378 620 2439 agere
635 2362 774 2419 debueras
788 2364 802 2417 ‘l
819 2381 833 2415 n
850 2363 900 2435 [30]
915 2364 1014 2435 Tyrio-

117 2460 166 2511 tes
179 2453 330 2509 addrmare
341 2466 392 2523 per
406 2452 473 2505 deos
484 2450 592 2521 patrios
607 2449 677 2505 nihil
701 2451 730 2505 iu
743 2468 804 2507 earn
818 2452 934 2523 gravius
954 2470 1015 2509 esse

116 2542 285 2598 consultum
295 2560 301 2593 ι
311 2537 484 2611 ingemuisse
498 2537 584 2595 etiam
597 2540 787 2596 Alexandrum
802 2541 898 2610 morti,
913 2546 941 2597 et
959 2556 1016 2596 non

115 2631 237 2705 parcius
253 2628 363 2686 flevisse
385 2642 471 2699 quam
485 2625 724 2709 ipsetlacrimaret.
740 2627 790 2701 [31]
811 2628 853 2685 Oh
871 2628 932 2685 heec
946 2628 1016 2699 ipsa,

116 2718 248 2777 amantis
263 2717 375 2774 animus
388 2713 418 2769 in
433 2714 653 2772 sollicitudinem
676 2715 921 2788 suspicionemque
940 2730 1017 2771 revo-

115 2812 206 2864 lutus
217 2810 270 2874 est,
290 2802 460 2861 desideriam
481 2803 597 2873 captivae
622 2804 746 2874 prolecto
771 2820 788 2859 a
814 2800 1019 2860 consuetudine

120 2988 159 3027 36.
177 2993 192 3023 e
201 2980 352 3035 spadonibus,
364 2990 412 3032 roy.
424 2977 489 3018 Reos.
505 2985 548 3023 ¹95.
603 2985 634 3023 33.
643 2980 772 3031 timemvop.
784 2978 845 3019 Rem.
859 2982 938 3022 113-
950 2980 1021 3021 tuis-

120 3067 152 3074 -
179 3049 213 3087 37.
230 3041 355 3095 multiplici
374 3040 549 3093 exspectatione,
602 3044 650 3095 lud,
662 3054 706 3095 vop.
717 3042 779 3083 Rem.
791 3046 822 3082 72.
832 3060 859 3069 -
869 3044 903 3083 tu.
912 3039 1020 3095 eiulatus,

121 3103 369 3159 untlepressenumems
380 3101 547 3145 oculorum„
603 3116 650 3159 roy.
668 3104 732 3146 Rem.
753 3106 785 3145 43.
807 3121 834 3131 -
853 3106 886 3144 41.
907 3112 955 3143 uon
970 3104 1021 3154 qut·
