<?xml version="1.0" encoding="UTF-8"?>
<!DOCTYPE html PUBLIC "-//W3C//DTD XHTML 1.0 Transitional//EN"
    "http://www.w3.org/TR/xhtml1/DTD/xhtml1-transitional.dtd">
<html xmlns="http://www.w3.org/1999/xhtml" xml:lang="en" lang="en">
 <head>
  <title>
</title>
<meta http-equiv="Content-Type" content="text/html;charset=utf-8" />
  <meta name='ocr-system' content='tesseract 3.04.00' />
  <meta name='ocr-capabilities' content='ocr_page ocr_carea ocr_par ocr_line ocrx_word'/>
</head>
<body>
  <div class='ocr_page' id='page_1' title='image "./qcurtiirufihist00vogegoog_0184.png"; bbox 0 0 2317 3500; ppageno 0'>
   <div class='ocr_carea' id='block_1_1' title="bbox 440 39 1113 134">
    <p class='ocr_par' dir='ltr' id='par_1_1' title="bbox 440 39 1113 134">
     <span class='ocr_line' id='line_1_1' title="bbox 440 39 1113 134; baseline -0.037 -9"><span class='ocrx_word' id='word_1_1' title='bbox 440 84 472 134; x_wconf 84' lang='lat' dir='ltr'>o.</span> <span class='ocrx_word' id='word_1_2' title='bbox 497 78 610 122; x_wconf 71' lang='lat' dir='ltr'>eunii</span> <span class='ocrx_word' id='word_1_3' title='bbox 639 73 741 119; x_wconf 76' lang='lat' dir='ltr'>nuri</span> <span class='ocrx_word' id='word_1_4' title='bbox 953 39 1028 128; x_wconf 69' lang='lat' dir='ltr'>[urb</span> <span class='ocrx_word' id='word_1_5' title='bbox 1043 39 1113 125; x_wconf 81' lang='grc'><strong>330]</strong></span> 
     </span>
    </p>
   </div>
   <div class='ocr_carea' id='block_1_2' title="bbox 67 127 1114 284">
    <p class='ocr_par' dir='ltr' id='par_1_2' title="bbox 67 127 1114 284">
     <span class='ocr_line' id='line_1_2' title="bbox 67 127 1114 284; baseline -0.047 0"><span class='ocrx_word' id='word_1_6' title='bbox 67 127 129 190; x_wconf 67' lang='lat'>¹58</span> <span class='ocrx_word' id='word_1_7' title='bbox 217 223 358 284; x_wconf 80' lang='lat' dir='ltr'>uturum.</span> <span class='ocrx_word' id='word_1_8' title='bbox 377 197 507 254; x_wconf 83' lang='lat' dir='ltr'>Darium</span> <span class='ocrx_word' id='word_1_9' title='bbox 533 192 648 250; x_wconf 87' lang='lat' dir='ltr'>adhuc</span> <span class='ocrx_word' id='word_1_10' title='bbox 681 190 826 250; x_wconf 86' lang='lat' dir='ltr'>vivere.</span> <span class='ocrx_word' id='word_1_11' title='bbox 854 200 875 237; x_wconf 71' lang='grc' dir='ltr'><strong><em>ι</em></strong></span> <span class='ocrx_word' id='word_1_12' title='bbox 901 177 957 256; x_wconf 81' lang='lat'>[12]</span> <span class='ocrx_word' id='word_1_13' title='bbox 988 179 1114 237; x_wconf 81' lang='lat' dir='ltr'>Streutm</span> 
     </span>
    </p>
   </div>
   <div class='ocr_carea' id='block_1_3' title="bbox 193 273 1113 372">
    <p class='ocr_par' dir='ltr' id='par_1_3' title="bbox 193 273 1113 372">
     <span class='ocr_line' id='line_1_3' title="bbox 193 273 1113 372; baseline -0.022 -22"><span class='ocrx_word' id='word_1_14' title='bbox 193 324 200 335; x_wconf 91' lang='lat'><strong>·</strong></span> <span class='ocrx_word' id='word_1_15' title='bbox 237 315 262 352; x_wconf 70' lang='lat' dir='ltr'>rs</span> <span class='ocrx_word' id='word_1_16' title='bbox 280 289 484 372; x_wconf 62' lang='lat' dir='ltr'>cupiditatem</span> <span class='ocrx_word' id='word_1_17' title='bbox 501 283 741 360; x_wconf 90' lang='lat' dir='ltr'>consequendi</span> <span class='ocrx_word' id='word_1_18' title='bbox 767 275 948 350; x_wconf 82' lang='lat' dir='ltr'>transfuga</span> <span class='ocrx_word' id='word_1_19' title='bbox 964 273 1113 349; x_wconf 85' lang='lat' dir='ltr'>injecerat.</span> 
     </span>
    </p>
   </div>
   <div class='ocr_carea' id='block_1_4' title="bbox 125 338 1114 452">
    <p class='ocr_par' dir='ltr' id='par_1_4' title="bbox 125 338 1114 452">
     <span class='ocr_line' id='line_1_4' title="bbox 125 338 1114 452; baseline -0.036 7"><span class='ocrx_word' id='word_1_20' title='bbox 125 355 141 394; x_wconf 69' lang='lat'><strong>⁰</strong></span> <span class='ocrx_word' id='word_1_21' title='bbox 165 345 192 384; x_wconf 69' lang='lat' dir='ltr'><strong>u</strong></span> <span class='ocrx_word' id='word_1_22' title='bbox 207 338 228 377; x_wconf 71' lang='lat' dir='ltr'>n</span> <span class='ocrx_word' id='word_1_23' title='bbox 271 384 410 452; x_wconf 87' lang='lat' dir='ltr'>lcaribus</span> <span class='ocrx_word' id='word_1_24' title='bbox 434 375 582 446; x_wconf 85' lang='lat' dir='ltr'>subditis,</span> <span class='ocrx_word' id='word_1_25' title='bbox 612 377 727 434; x_wconf 82' lang='lat' dir='ltr'>effuso</span> <span class='ocrx_word' id='word_1_26' title='bbox 753 385 869 430; x_wconf 86' lang='lat' dir='ltr'>cursu</span> <span class='ocrx_word' id='word_1_27' title='bbox 891 370 972 426; x_wconf 91' lang='lat' dir='ltr'>eunt.</span> <span class='ocrx_word' id='word_1_28' title='bbox 989 367 1114 439; x_wconf 81' lang='lat' dir='ltr'>Jamque</span> 
     </span>
    </p>
   </div>
   <div class='ocr_carea' id='block_1_5' title="bbox 88 417 1116 576">
    <p class='ocr_par' dir='ltr' id='par_1_5' title="bbox 88 417 1116 576">
     <span class='ocr_line' id='line_1_5' title="bbox 88 417 1116 576; baseline -0.063 1"><span class='ocrx_word' id='word_1_29' title='bbox 88 417 395 576; x_wconf 45' lang='lat' dir='ltr'>iiiffiiirsclarcstium</span> <span class='ocrx_word' id='word_1_30' title='bbox 411 466 473 523; x_wconf 73' lang='lat' dir='ltr'>iter</span> <span class='ocrx_word' id='word_1_31' title='bbox 487 465 754 539; x_wconf 69' lang='lat' dir='ltr'>ingredientium</span> <span class='ocrx_word' id='word_1_32' title='bbox 766 467 800 503; x_wconf 73' lang='lat'>²⁰</span> <span class='ocrx_word' id='word_1_33' title='bbox 819 459 1050 531; x_wconf 77' lang='lat' dir='ltr'>exaudiebatur,</span> <span class='ocrx_word' id='word_1_34' title='bbox 1064 456 1116 514; x_wconf 90' lang='lat' dir='ltr'>sed</span> 
     </span>
    </p>
   </div>
   <div class='ocr_carea' id='block_1_6' title="bbox 103 550 1114 2504">
    <p class='ocr_par' dir='ltr' id='par_1_6' title="bbox 103 550 1114 2504">
     <span class='ocr_line' id='line_1_6' title="bbox 103 550 1114 678; baseline -0.038 -36"><span class='ocrx_word' id='word_1_35' title='bbox 103 585 296 678; x_wconf 63' lang='lat' dir='ltr'>prospectum</span> <span class='ocrx_word' id='word_1_36' title='bbox 310 559 473 625; x_wconf 85' lang='lat' dir='ltr'>ademerat</span> <span class='ocrx_word' id='word_1_37' title='bbox 486 556 626 628; x_wconf 85' lang='lat' dir='ltr'>pulveris</span> <span class='ocrx_word' id='word_1_38' title='bbox 637 557 767 614; x_wconf 91' lang='lat' dir='ltr'>nubes.</span> <span class='ocrx_word' id='word_1_39' title='bbox 792 550 861 628; x_wconf 88' lang='grc'><strong>[13]</strong></span> <span class='ocrx_word' id='word_1_40' title='bbox 873 550 1032 624; x_wconf 85' lang='lat' dir='ltr'>Paulisper</span> <span class='ocrx_word' id='word_1_41' title='bbox 1042 563 1114 622; x_wconf 85' lang='lat' dir='ltr'>ergo</span> 
     </span>
     <span class='ocr_line' id='line_1_7' title="bbox 109 644 862 748; baseline -0.045 -14"><span class='ocrx_word' id='word_1_42' title='bbox 109 675 241 748; x_wconf 53' lang='lat' dir='ltr'>inhibuit</span> <span class='ocrx_word' id='word_1_43' title='bbox 255 665 391 722; x_wconf 87' lang='lat' dir='ltr'>cursum,</span> <span class='ocrx_word' id='word_1_44' title='bbox 409 645 506 702; x_wconf 90' lang='lat' dir='ltr'>donec</span> <span class='ocrx_word' id='word_1_45' title='bbox 528 647 717 706; x_wconf 80' lang='lat' dir='ltr'>consideret</span> <span class='ocrx_word' id='word_1_46' title='bbox 733 644 862 721; x_wconf 89' lang='lat' dir='ltr'>pulvis.</span> 
     </span>
     <span class='ocr_line' id='line_1_8' title="bbox 151 733 1112 833; baseline -0.029 -19"><span class='ocrx_word' id='word_1_47' title='bbox 151 771 279 833; x_wconf 62' lang='lat' dir='ltr'>Jamque</span> <span class='ocrx_word' id='word_1_48' title='bbox 289 733 444 809; x_wconf 88' lang='lat' dir='ltr'>conspecti</span> <span class='ocrx_word' id='word_1_49' title='bbox 456 735 624 794; x_wconf 89' lang='lat' dir='ltr'>abarbaris</span> <span class='ocrx_word' id='word_1_50' title='bbox 636 742 752 804; x_wconf 88' lang='lat' dir='ltr'>erant,</span> <span class='ocrx_word' id='word_1_51' title='bbox 766 739 803 794; x_wconf 89' lang='lat' dir='ltr'>et</span> <span class='ocrx_word' id='word_1_52' title='bbox 811 733 993 792; x_wconf 89' lang='lat' dir='ltr'>abeuntium</span> <span class='ocrx_word' id='word_1_53' title='bbox 1003 747 1112 806; x_wconf 81' lang='lat' dir='ltr'>agmen</span> 
     </span>
     <span class='ocr_line' id='line_1_9' title="bbox 122 826 1113 927; baseline -0.045 -6"><span class='ocrx_word' id='word_1_54' title='bbox 122 839 345 927; x_wconf 65' lang='lat' dir='ltr'>conspexeram,</span> <span class='ocrx_word' id='word_1_55' title='bbox 362 838 557 898; x_wconf 74' lang='lat' dir='ltr'>nequaquam</span> <span class='ocrx_word' id='word_1_56' title='bbox 572 828 675 886; x_wconf 85' lang='lat' dir='ltr'>futuri</span> <span class='ocrx_word' id='word_1_57' title='bbox 699 845 815 902; x_wconf 77' lang='lat' dir='ltr'>pareS,</span> <span class='ocrx_word' id='word_1_58' title='bbox 842 827 868 882; x_wconf 90' lang='lat' dir='ltr'>si</span> <span class='ocrx_word' id='word_1_59' title='bbox 885 827 980 883; x_wconf 90' lang='lat' dir='ltr'>Besso</span> <span class='ocrx_word' id='word_1_60' title='bbox 993 826 1113 880; x_wconf 90' lang='lat' dir='ltr'>tantum</span> 
     </span>
     <span class='ocr_line' id='line_1_10' title="bbox 128 911 1110 1009; baseline -0.037 -6"><span class='ocrx_word' id='word_1_61' title='bbox 128 941 218 1009; x_wconf 78' lang='lat' dir='ltr'>animi</span> <span class='ocrx_word' id='word_1_62' title='bbox 249 923 356 989; x_wconf 84' lang='lat' dir='ltr'>luisset</span> <span class='ocrx_word' id='word_1_63' title='bbox 386 911 426 968; x_wconf 70' lang='lat' dir='ltr'>ad</span> <span class='ocrx_word' id='word_1_64' title='bbox 461 917 600 988; x_wconf 75' lang='lat' dir='ltr'>peculium</span> <span class='ocrx_word' id='word_1_65' title='bbox 636 925 802 993; x_wconf 89' lang='lat' dir='ltr'>quantum</span> <span class='ocrx_word' id='word_1_66' title='bbox 836 919 876 974; x_wconf 91' lang='lat' dir='ltr'>ad</span> <span class='ocrx_word' id='word_1_67' title='bbox 913 914 1110 988; x_wconf 89' lang='lat' dir='ltr'>parricidium</span> 
     </span>
     <span class='ocr_line' id='line_1_11' title="bbox 133 1007 1111 1092; baseline -0.029 -5"><span class='ocrx_word' id='word_1_68' title='bbox 133 1031 239 1092; x_wconf 84' lang='lat' dir='ltr'>luerat.</span> <span class='ocrx_word' id='word_1_69' title='bbox 258 1019 396 1082; x_wconf 74' lang='lat' dir='ltr'>Namque</span> <span class='ocrx_word' id='word_1_70' title='bbox 424 1007 455 1060; x_wconf 85' lang='lat' dir='ltr'>et</span> <span class='ocrx_word' id='word_1_71' title='bbox 482 1025 609 1066; x_wconf 90' lang='lat' dir='ltr'>numero</span> <span class='ocrx_word' id='word_1_72' title='bbox 635 1009 769 1067; x_wconf 88' lang='lat' dir='ltr'>barbari</span> <span class='ocrx_word' id='word_1_73' title='bbox 792 1007 985 1081; x_wconf 82' lang='lat' dir='ltr'>praestabant</span> <span class='ocrx_word' id='word_1_74' title='bbox 1008 1008 1041 1062; x_wconf 90' lang='lat' dir='ltr'>et</span> <span class='ocrx_word' id='word_1_75' title='bbox 1064 1019 1111 1059; x_wconf 92' lang='lat' dir='ltr'>ro·</span> 
     </span>
     <span class='ocr_line' id='line_1_12' title="bbox 136 1090 1106 1176; baseline -0.029 0"><span class='ocrx_word' id='word_1_76' title='bbox 136 1125 227 1176; x_wconf 83' lang='lat' dir='ltr'>bore:</span> <span class='ocrx_word' id='word_1_77' title='bbox 241 1108 279 1166; x_wconf 85' lang='lat' dir='ltr'>ad</span> <span class='ocrx_word' id='word_1_78' title='bbox 291 1090 547 1168; x_wconf 65' lang='lat' dir='ltr'>pontenurum</span> <span class='ocrx_word' id='word_1_79' title='bbox 559 1097 702 1172; x_wconf 82' lang='lat' dir='ltr'>fatigatis</span> <span class='ocrx_word' id='word_1_80' title='bbox 714 1102 875 1156; x_wconf 88' lang='lat' dir='ltr'>certamen</span> <span class='ocrx_word' id='word_1_81' title='bbox 888 1095 998 1152; x_wconf 83' lang='lat' dir='ltr'>inituri</span> <span class='ocrx_word' id='word_1_82' title='bbox 1009 1096 1106 1150; x_wconf 88' lang='lat' dir='ltr'>erant.</span> 
     </span>
     <span class='ocr_line' id='line_1_13' title="bbox 143 1183 1107 1278; baseline -0.017 -26"><span class='ocrx_word' id='word_1_83' title='bbox 143 1203 198 1278; x_wconf 73' lang='lat' dir='ltr'>[li]</span> <span class='ocrx_word' id='word_1_84' title='bbox 219 1195 279 1254; x_wconf 83' lang='lat' dir='ltr'>sed</span> <span class='ocrx_word' id='word_1_85' title='bbox 296 1200 404 1246; x_wconf 88' lang='lat' dir='ltr'>nomeu</span> <span class='ocrx_word' id='word_1_86' title='bbox 426 1183 583 1241; x_wconf 87' lang='lat' dir='ltr'>Alexandri</span> <span class='ocrx_word' id='word_1_87' title='bbox 607 1192 639 1242; x_wconf 90' lang='lat' dir='ltr'>et</span> <span class='ocrx_word' id='word_1_88' title='bbox 661 1189 758 1256; x_wconf 86' lang='lat' dir='ltr'>fama,</span> <span class='ocrx_word' id='word_1_89' title='bbox 779 1187 950 1244; x_wconf 84' lang='lat' dir='ltr'>maximum</span> <span class='ocrx_word' id='word_1_90' title='bbox 971 1184 1004 1242; x_wconf 93' lang='lat' dir='ltr'>in</span> <span class='ocrx_word' id='word_1_91' title='bbox 1026 1183 1107 1240; x_wconf 90' lang='lat' dir='ltr'>bello</span> 
     </span>
     <span class='ocr_line' id='line_1_14' title="bbox 145 1273 1111 1360; baseline -0.018 -16"><span class='ocrx_word' id='word_1_92' title='bbox 145 1291 247 1360; x_wconf 86' lang='lat' dir='ltr'>utique</span> <span class='ocrx_word' id='word_1_93' title='bbox 265 1274 448 1336; x_wconf 76' lang='lat' dir='ltr'>momentum</span> <span class='ocrx_word' id='word_1_94' title='bbox 458 1278 493 1343; x_wconf 75' lang='lat'>2²,</span> <span class='ocrx_word' id='word_1_95' title='bbox 510 1273 638 1343; x_wconf 89' lang='lat' dir='ltr'>pavidos</span> <span class='ocrx_word' id='word_1_96' title='bbox 650 1275 682 1331; x_wconf 91' lang='lat' dir='ltr'>in</span> <span class='ocrx_word' id='word_1_97' title='bbox 698 1277 805 1349; x_wconf 83' lang='lat' dir='ltr'>fugam</span> <span class='ocrx_word' id='word_1_98' title='bbox 820 1276 946 1333; x_wconf 88' lang='lat' dir='ltr'>avertit.</span> <span class='ocrx_word' id='word_1_99' title='bbox 965 1273 1025 1350; x_wconf 78' lang='lat'>[15]</span> <span class='ocrx_word' id='word_1_100' title='bbox 1041 1273 1111 1328; x_wconf 89' lang='lat' dir='ltr'>Bes·</span> 
     </span>
     <span class='ocr_line' id='line_1_15' title="bbox 148 1360 1108 1440; baseline -0.015 -9"><span class='ocrx_word' id='word_1_101' title='bbox 148 1392 199 1432; x_wconf 89' lang='lat' dir='ltr'>sus</span> <span class='ocrx_word' id='word_1_102' title='bbox 217 1385 288 1428; x_wconf 87' lang='lat' dir='ltr'>vcro</span> <span class='ocrx_word' id='word_1_103' title='bbox 310 1368 340 1421; x_wconf 87' lang='lat' dir='ltr'>et</span> <span class='ocrx_word' id='word_1_104' title='bbox 361 1361 447 1417; x_wconf 87' lang='lat' dir='ltr'>ceteri</span> <span class='ocrx_word' id='word_1_105' title='bbox 468 1360 610 1418; x_wconf 86' lang='lat' dir='ltr'>facinoris</span> <span class='ocrx_word' id='word_1_106' title='bbox 634 1364 701 1436; x_wconf 90' lang='lat' dir='ltr'>ejus</span> <span class='ocrx_word' id='word_1_107' title='bbox 722 1365 903 1440; x_wconf 72' lang='lat' dir='ltr'>participes,</span> <span class='ocrx_word' id='word_1_108' title='bbox 930 1363 1108 1422; x_wconf 84' lang='lat' dir='ltr'>vehiculum</span> 
     </span>
     <span class='ocr_line' id='line_1_16' title="bbox 150 1448 1107 1519; baseline -0.009 -3"><span class='ocrx_word' id='word_1_109' title='bbox 150 1459 229 1516; x_wconf 90' lang='lat' dir='ltr'>Darii</span> <span class='ocrx_word' id='word_1_110' title='bbox 257 1448 392 1516; x_wconf 85' lang='lat' dir='ltr'>assecuti,</span> <span class='ocrx_word' id='word_1_111' title='bbox 425 1453 574 1519; x_wconf 85' lang='lat' dir='ltr'>coeperunt</span> <span class='ocrx_word' id='word_1_112' title='bbox 604 1450 720 1508; x_wconf 89' lang='lat' dir='ltr'>hortari</span> <span class='ocrx_word' id='word_1_113' title='bbox 744 1471 814 1510; x_wconf 94' lang='lat' dir='ltr'>eum</span> <span class='ocrx_word' id='word_1_114' title='bbox 838 1455 1107 1512; x_wconf 71' lang='lat' dir='ltr'>conscenderet2¹</span> 
     </span>
     <span class='ocr_line' id='line_1_17' title="bbox 150 1535 1104 1619; baseline -0.009 -16"><span class='ocrx_word' id='word_1_115' title='bbox 150 1564 258 1618; x_wconf 89' lang='lat' dir='ltr'>equum</span> <span class='ocrx_word' id='word_1_116' title='bbox 284 1544 314 1600; x_wconf 88' lang='lat' dir='ltr'>et</span> <span class='ocrx_word' id='word_1_117' title='bbox 339 1554 370 1594; x_wconf 91' lang='lat' dir='ltr'>se</span> <span class='ocrx_word' id='word_1_118' title='bbox 393 1535 470 1592; x_wconf 89' lang='lat' dir='ltr'>hosti</span> <span class='ocrx_word' id='word_1_119' title='bbox 497 1535 566 1606; x_wconf 86' lang='lat' dir='ltr'>luga</span> <span class='ocrx_word' id='word_1_120' title='bbox 599 1540 739 1612; x_wconf 88' lang='lat' dir='ltr'>eriperet.</span> <span class='ocrx_word' id='word_1_121' title='bbox 773 1544 828 1619; x_wconf 83' lang='lat'>[16]</span> <span class='ocrx_word' id='word_1_122' title='bbox 864 1543 920 1600; x_wconf 91' lang='lat' dir='ltr'>Ille</span> <span class='ocrx_word' id='word_1_123' title='bbox 948 1544 1024 1598; x_wconf 93' lang='lat' dir='ltr'>deos</span> <span class='ocrx_word' id='word_1_124' title='bbox 1050 1541 1104 1596; x_wconf 91' lang='lat' dir='ltr'>ul-</span> 
     </span>
     <span class='ocr_line' id='line_1_18' title="bbox 150 1627 1101 1702; baseline -0.002 -16"><span class='ocrx_word' id='word_1_125' title='bbox 150 1635 229 1690; x_wconf 88' lang='lat' dir='ltr'>tores</span> <span class='ocrx_word' id='word_1_126' title='bbox 254 1633 355 1691; x_wconf 90' lang='lat' dir='ltr'>adesse</span> <span class='ocrx_word' id='word_1_127' title='bbox 379 1627 513 1688; x_wconf 88' lang='lat' dir='ltr'>testatur,</span> <span class='ocrx_word' id='word_1_128' title='bbox 538 1627 579 1691; x_wconf 83' lang='lat' dir='ltr'>et,</span> <span class='ocrx_word' id='word_1_129' title='bbox 609 1628 766 1687; x_wconf 83' lang='lat' dir='ltr'>Alexandri</span> <span class='ocrx_word' id='word_1_130' title='bbox 792 1633 887 1688; x_wconf 87' lang='lat' dir='ltr'>fidem</span> <span class='ocrx_word' id='word_1_131' title='bbox 916 1631 1101 1702; x_wconf 91' lang='lat' dir='ltr'>implorans,</span> 
     </span>
     <span class='ocr_line' id='line_1_19' title="bbox 149 1708 1101 1792; baseline -0.001 -18"><span class='ocrx_word' id='word_1_132' title='bbox 149 1726 238 1792; x_wconf 87' lang='lat' dir='ltr'>negat</span> <span class='ocrx_word' id='word_1_133' title='bbox 253 1739 284 1780; x_wconf 90' lang='lat' dir='ltr'>se</span> <span class='ocrx_word' id='word_1_134' title='bbox 299 1711 457 1791; x_wconf 89' lang='lat' dir='ltr'>parricidas</span> <span class='ocrx_word' id='word_1_135' title='bbox 481 1708 555 1765; x_wconf 81' lang='lat' dir='ltr'>velle</span> <span class='ocrx_word' id='word_1_136' title='bbox 580 1717 729 1776; x_wconf 87' lang='lat' dir='ltr'>comitari.</span> <span class='ocrx_word' id='word_1_137' title='bbox 748 1721 821 1777; x_wconf 90' lang='lat' dir='ltr'>Tum</span> <span class='ocrx_word' id='word_1_138' title='bbox 846 1737 932 1786; x_wconf 87' lang='lat' dir='ltr'>vero,</span> <span class='ocrx_word' id='word_1_139' title='bbox 951 1720 1000 1775; x_wconf 90' lang='lat' dir='ltr'>ira</span> <span class='ocrx_word' id='word_1_140' title='bbox 1022 1734 1101 1791; x_wconf 89' lang='lat' dir='ltr'>quo-</span> 
     </span>
     <span class='ocr_line' id='line_1_20' title="bbox 149 1796 1100 1882; baseline -0.009 -11"><span class='ocrx_word' id='word_1_141' title='bbox 149 1824 205 1879; x_wconf 76' lang='lat' dir='ltr'>que</span> <span class='ocrx_word' id='word_1_142' title='bbox 226 1804 350 1872; x_wconf 82' lang='lat' dir='ltr'>accensi,</span> <span class='ocrx_word' id='word_1_143' title='bbox 366 1803 423 1859; x_wconf 67' lang='lat' dir='ltr'>bela</span> <span class='ocrx_word' id='word_1_144' title='bbox 436 1796 597 1870; x_wconf 75' lang='lat' dir='ltr'>conjiciunt</span> <span class='ocrx_word' id='word_1_145' title='bbox 609 1803 640 1858; x_wconf 88' lang='lat' dir='ltr'>iu</span> <span class='ocrx_word' id='word_1_146' title='bbox 655 1822 766 1879; x_wconf 82' lang='lat' dir='ltr'>regem,</span> <span class='ocrx_word' id='word_1_147' title='bbox 782 1810 955 1882; x_wconf 89' lang='lat' dir='ltr'>multisque</span> <span class='ocrx_word' id='word_1_148' title='bbox 977 1809 1100 1863; x_wconf 82' lang='lat' dir='ltr'>confes-</span> 
     </span>
     <span class='ocr_line' id='line_1_21' title="bbox 148 1889 1100 1971; baseline -0.005 -15"><span class='ocrx_word' id='word_1_149' title='bbox 148 1912 214 1956; x_wconf 86' lang='lat' dir='ltr'>sum</span> <span class='ocrx_word' id='word_1_150' title='bbox 225 1896 394 1960; x_wconf 85' lang='lat' dir='ltr'>vulneribus</span> <span class='ocrx_word' id='word_1_151' title='bbox 407 1892 589 1959; x_wconf 83' lang='lat' dir='ltr'>relinquunt.</span> <span class='ocrx_word' id='word_1_152' title='bbox 601 1889 658 1967; x_wconf 86' lang='lat'>[17]</span> <span class='ocrx_word' id='word_1_153' title='bbox 668 1895 804 1954; x_wconf 84' lang='lat' dir='ltr'>lumenta</span> <span class='ocrx_word' id='word_1_154' title='bbox 816 1916 957 1971; x_wconf 89' lang='lat' dir='ltr'>quoque,</span> <span class='ocrx_word' id='word_1_155' title='bbox 974 1915 1015 1953; x_wconf 89' lang='lat' dir='ltr'>ne</span> <span class='ocrx_word' id='word_1_156' title='bbox 1028 1897 1100 1953; x_wconf 91' lang='lat' dir='ltr'>lon-</span> 
     </span>
     <span class='ocr_line' id='line_1_22' title="bbox 147 1978 1097 2066; baseline 0 -25"><span class='ocrx_word' id='word_1_157' title='bbox 147 1986 214 2058; x_wconf 86' lang='lat' dir='ltr'>gius</span> <span class='ocrx_word' id='word_1_158' title='bbox 228 1982 364 2066; x_wconf 88' lang='lat' dir='ltr'>prosequi</span> <span class='ocrx_word' id='word_1_159' title='bbox 377 1986 401 2019; x_wconf 79' lang='lat'>²³</span> <span class='ocrx_word' id='word_1_160' title='bbox 422 1978 551 2055; x_wconf 84' lang='lat' dir='ltr'>possent,</span> <span class='ocrx_word' id='word_1_161' title='bbox 571 1982 828 2058; x_wconf 59' lang='lat' dir='ltr'>convulnerantss,</span> <span class='ocrx_word' id='word_1_162' title='bbox 852 1988 979 2045; x_wconf 92' lang='lat' dir='ltr'>duobus</span> <span class='ocrx_word' id='word_1_163' title='bbox 995 1987 1097 2043; x_wconf 88' lang='lat' dir='ltr'>servis</span> 
     </span>
     <span class='ocr_line' id='line_1_23' title="bbox 147 2064 1092 2155; baseline -0.004 -24"><span class='ocrx_word' id='word_1_164' title='bbox 147 2074 197 2145; x_wconf 92' lang='lat' dir='ltr'>qui</span> <span class='ocrx_word' id='word_1_165' title='bbox 212 2094 313 2155; x_wconf 73' lang='lat' dir='ltr'>regern</span> <span class='ocrx_word' id='word_1_166' title='bbox 328 2064 695 2129; x_wconf 78' lang='lat' dir='ltr'>comitabanturoccisis²⁵.</span> <span class='ocrx_word' id='word_1_167' title='bbox 706 2068 927 2142; x_wconf 78' lang='lat' dir='ltr'>[1elu00eeit0</span> <span class='ocrx_word' id='word_1_168' title='bbox 941 2074 1092 2140; x_wconf 86' lang='lat' dir='ltr'>facinore,</span> 
     </span>
     <span class='ocr_line' id='line_1_24' title="bbox 146 2157 1092 2244; baseline -0.012 -16"><span class='ocrx_word' id='word_1_169' title='bbox 146 2166 179 2219; x_wconf 68' lang='lat' dir='ltr'>Ut</span> <span class='ocrx_word' id='word_1_170' title='bbox 197 2167 324 2244; x_wconf 81' lang='lat' dir='ltr'>vestigia</span> <span class='ocrx_word' id='word_1_171' title='bbox 345 2161 420 2231; x_wconf 75' lang='lat' dir='ltr'>fugae</span> <span class='ocrx_word' id='word_1_172' title='bbox 436 2157 654 2229; x_wconf 34' lang='lat' dir='ltr'>spargerent&amp;</span> <span class='ocrx_word' id='word_1_173' title='bbox 677 2157 861 2221; x_wconf 83' lang='lat' dir='ltr'>Nabarzanes</span> <span class='ocrx_word' id='word_1_174' title='bbox 887 2164 1092 2238; x_wconf 84' lang='lat' dir='ltr'>Hyrcaniam,</span> 
     </span>
     <span class='ocr_line' id='line_1_25' title="bbox 147 2240 1090 2329; baseline 0 -22"><span class='ocrx_word' id='word_1_175' title='bbox 147 2252 257 2317; x_wconf 89' lang='lat' dir='ltr'>Bessus</span> <span class='ocrx_word' id='word_1_176' title='bbox 281 2255 396 2315; x_wconf 87' lang='lat' dir='ltr'>Bactra,</span> <span class='ocrx_word' id='word_1_177' title='bbox 414 2240 513 2320; x_wconf 89' lang='lat' dir='ltr'>paucis</span> <span class='ocrx_word' id='word_1_178' title='bbox 531 2242 662 2313; x_wconf 83' lang='lat' dir='ltr'>equitum</span> <span class='ocrx_word' id='word_1_179' title='bbox 673 2250 903 2319; x_wconf 86' lang='lat' dir='ltr'>comitantibus,</span> <span class='ocrx_word' id='word_1_180' title='bbox 929 2253 1090 2329; x_wconf 84' lang='lat' dir='ltr'>petebant.</span> 
     </span>
     <span class='ocr_line' id='line_1_26' title="bbox 148 2328 1092 2419; baseline 0.002 -24"><span class='ocrx_word' id='word_1_181' title='bbox 148 2339 282 2419; x_wconf 87' lang='lat' dir='ltr'>Barbari,</span> <span class='ocrx_word' id='word_1_182' title='bbox 304 2338 427 2401; x_wconf 89' lang='lat' dir='ltr'>ducibus</span> <span class='ocrx_word' id='word_1_183' title='bbox 449 2328 590 2402; x_wconf 55' lang='lat' dir='ltr'>destituti,</span> <span class='ocrx_word' id='word_1_184' title='bbox 612 2350 669 2407; x_wconf 75' lang='lat' dir='ltr'>qua</span> <span class='ocrx_word' id='word_1_185' title='bbox 692 2353 836 2414; x_wconf 89' lang='lat' dir='ltr'>quemque</span> <span class='ocrx_word' id='word_1_186' title='bbox 858 2349 916 2401; x_wconf 89' lang='lat' dir='ltr'>aut</span> <span class='ocrx_word' id='word_1_187' title='bbox 937 2358 1010 2415; x_wconf 90' lang='lat' dir='ltr'>spes</span> <span class='ocrx_word' id='word_1_188' title='bbox 1031 2341 1092 2397; x_wconf 93' lang='lat' dir='ltr'>du·</span> 
     </span>
     <span class='ocr_line' id='line_1_27' title="bbox 146 2417 1091 2504; baseline 0.002 -21"><span class='ocrx_word' id='word_1_189' title='bbox 146 2430 229 2492; x_wconf 90' lang='lat' dir='ltr'>eebat</span> <span class='ocrx_word' id='word_1_190' title='bbox 253 2440 304 2494; x_wconf 88' lang='lat' dir='ltr'>aut</span> <span class='ocrx_word' id='word_1_191' title='bbox 325 2440 427 2503; x_wconf 83' lang='lat' dir='ltr'>pavor,</span> <span class='ocrx_word' id='word_1_192' title='bbox 451 2417 684 2491; x_wconf 88' lang='lat' dir='ltr'>dissipabantur:</span> <span class='ocrx_word' id='word_1_193' title='bbox 701 2445 719 2484; x_wconf 89' lang='lat' dir='ltr'>n</span> <span class='ocrx_word' id='word_1_194' title='bbox 735 2434 850 2486; x_wconf 89' lang='lat' dir='ltr'>tantum</span> <span class='ocrx_word' id='word_1_195' title='bbox 868 2431 995 2504; x_wconf 87' lang='lat' dir='ltr'>equites</span> <span class='ocrx_word' id='word_1_196' title='bbox 1020 2447 1091 2487; x_wconf 89' lang='lat' dir='ltr'>con·</span> 
     </span>
    </p>
   </div>
   <div class='ocr_carea' id='block_1_7' title="bbox 138 2645 1088 3075">
    <p class='ocr_par' dir='ltr' id='par_1_7' title="bbox 138 2645 1088 3075">
     <span class='ocr_line' id='line_1_28' title="bbox 144 2645 1088 2711; baseline 0.006 -17"><span class='ocrx_word' id='word_1_197' title='bbox 144 2654 172 2698; x_wconf 82' lang='lat' dir='ltr'>til</span> <span class='ocrx_word' id='word_1_198' title='bbox 186 2672 239 2707; x_wconf 82' lang='lat' dir='ltr'>eree</span> <span class='ocrx_word' id='word_1_199' title='bbox 254 2676 278 2708; x_wconf 79' lang='lat' dir='ltr'>ca</span> <span class='ocrx_word' id='word_1_200' title='bbox 288 2651 380 2705; x_wconf 86' lang='lat' dir='ltr'>dernier</span> <span class='ocrx_word' id='word_1_201' title='bbox 393 2645 455 2689; x_wconf 80' lang='lat' dir='ltr'>verbe</span> <span class='ocrx_word' id='word_1_202' title='bbox 473 2648 505 2687; x_wconf 85' lang='lat' dir='ltr'>est</span> <span class='ocrx_word' id='word_1_203' title='bbox 524 2658 576 2704; x_wconf 84' lang='lat' dir='ltr'>rare,</span> <span class='ocrx_word' id='word_1_204' title='bbox 632 2665 643 2695; x_wconf 86' lang='lat' dir='ltr'>a</span> <span class='ocrx_word' id='word_1_205' title='bbox 663 2653 695 2696; x_wconf 85' lang='lat' dir='ltr'>ici</span> <span class='ocrx_word' id='word_1_206' title='bbox 715 2655 737 2698; x_wconf 88' lang='lat' dir='ltr'>le</span> <span class='ocrx_word' id='word_1_207' title='bbox 751 2666 800 2697; x_wconf 81' lang='lat' dir='ltr'>seue</span> <span class='ocrx_word' id='word_1_208' title='bbox 814 2654 841 2697; x_wconf 86' lang='lat' dir='ltr'>de</span> <span class='ocrx_word' id='word_1_209' title='bbox 856 2665 864 2698; x_wconf 75' lang='grc' dir='ltr'><strong><em>ε</em></strong></span> <span class='ocrx_word' id='word_1_210' title='bbox 882 2654 1040 2711; x_wconf 80' lang='lat' dir='ltr'>importunae.</span> <span class='ocrx_word' id='word_1_211' title='bbox 1061 2680 1088 2687; x_wconf 93' lang='lat'><em>-</em></span> 
     </span>
     <span class='ocr_line' id='line_1_29' title="bbox 143 2707 1088 2781; baseline 0.005 -27"><span class='ocrx_word' id='word_1_212' title='bbox 143 2719 199 2763; x_wconf 60' lang='lat' dir='ltr'>mair</span> <span class='ocrx_word' id='word_1_213' title='bbox 214 2737 257 2770; x_wconf 68' lang='lat'><strong>110„</strong></span> <span class='ocrx_word' id='word_1_214' title='bbox 268 2736 307 2781; x_wconf 57' lang='lat' dir='ltr'>pfl.</span> <span class='ocrx_word' id='word_1_215' title='bbox 320 2723 376 2763; x_wconf 71' lang='lat' dir='ltr'>ms</span> <span class='ocrx_word' id='word_1_216' title='bbox 385 2707 478 2762; x_wconf 83' lang='lat' dir='ltr'>example</span> <span class='ocrx_word' id='word_1_217' title='bbox 487 2708 537 2751; x_wconf 89' lang='lat' dir='ltr'>cbez</span> <span class='ocrx_word' id='word_1_218' title='bbox 547 2712 577 2755; x_wconf 89' lang='lat' dir='ltr'>les</span> <span class='ocrx_word' id='word_1_219' title='bbox 630 2722 663 2758; x_wconf 75' lang='lat' dir='ltr'>aa.</span> <span class='ocrx_word' id='word_1_220' title='bbox 693 2714 789 2758; x_wconf 77' lang='lat' dir='ltr'>berturi</span> <span class='ocrx_word' id='word_1_221' title='bbox 807 2717 994 2760; x_wconf 76' lang='lat' dir='ltr'>conscenderet.</span> <span class='ocrx_word' id='word_1_222' title='bbox 1016 2715 1088 2759; x_wconf 78' lang='lat' dir='ltr'>cesar</span> 
     </span>
     <span class='ocr_line' id='line_1_30' title="bbox 142 2774 1087 2843; baseline -0.014 -14"><span class='ocrx_word' id='word_1_223' title='bbox 142 2782 225 2839; x_wconf 70' lang='lat' dir='ltr'>poetar,</span> <span class='ocrx_word' id='word_1_224' title='bbox 237 2788 332 2843; x_wconf 82' lang='lat' dir='ltr'>quoique</span> <span class='ocrx_word' id='word_1_225' title='bbox 347 2776 404 2821; x_wconf 86' lang='lat' dir='ltr'>dans</span> <span class='ocrx_word' id='word_1_226' title='bbox 415 2782 443 2813; x_wconf 88' lang='lat' dir='ltr'>un</span> <span class='ocrx_word' id='word_1_227' title='bbox 455 2778 575 2825; x_wconf 82' lang='lat' dir='ltr'>senepeul-</span> <span class='ocrx_word' id='word_1_228' title='bbox 629 2776 662 2826; x_wconf 85' lang='lat' dir='ltr'>(B.</span> <span class='ocrx_word' id='word_1_229' title='bbox 679 2776 762 2827; x_wconf 81' lang='lat' dir='ltr'>Civili,</span> <span class='ocrx_word' id='word_1_230' title='bbox 783 2774 862 2827; x_wconf 84' lang='lat' dir='ltr'>l,xx1,</span> <span class='ocrx_word' id='word_1_231' title='bbox 881 2777 906 2829; x_wconf 82' lang='lat'>4)</span> <span class='ocrx_word' id='word_1_232' title='bbox 929 2789 943 2818; x_wconf 89' lang='lat' dir='ltr'>a</span> <span class='ocrx_word' id='word_1_233' title='bbox 961 2776 1026 2819; x_wconf 86' lang='lat' dir='ltr'>aussi</span> <span class='ocrx_word' id='word_1_234' title='bbox 1050 2779 1087 2817; x_wconf 84' lang='lat' dir='ltr'>cet</span> 
     </span>
     <span class='ocr_line' id='line_1_31' title="bbox 140 2835 1086 2902; baseline 0 -25"><span class='ocrx_word' id='word_1_235' title='bbox 140 2836 186 2882; x_wconf 78' lang='lat' dir='ltr'>etro</span> <span class='ocrx_word' id='word_1_236' title='bbox 199 2856 229 2888; x_wconf 73' lang='lat' dir='ltr'>un</span> <span class='ocrx_word' id='word_1_237' title='bbox 241 2861 282 2902; x_wconf 62' lang='lat' dir='ltr'>peu</span> <span class='ocrx_word' id='word_1_238' title='bbox 295 2837 406 2891; x_wconf 63' lang='lat' dir='ltr'>different.</span> <span class='ocrx_word' id='word_1_239' title='bbox 424 2854 452 2865; x_wconf 89' lang='lat'><em>-</em></span> <span class='ocrx_word' id='word_1_240' title='bbox 470 2838 501 2877; x_wconf 83' lang='lat'>19.</span> <span class='ocrx_word' id='word_1_241' title='bbox 518 2839 575 2876; x_wconf 83' lang='lat' dir='ltr'>etre-</span> <span class='ocrx_word' id='word_1_242' title='bbox 628 2835 709 2890; x_wconf 89' lang='lat' dir='ltr'>emplei</span> <span class='ocrx_word' id='word_1_243' title='bbox 721 2838 748 2878; x_wconf 92' lang='lat' dir='ltr'>de</span> <span class='ocrx_word' id='word_1_244' title='bbox 760 2837 856 2877; x_wconf 77' lang='lat' dir='ltr'>bertari</span> <span class='ocrx_word' id='word_1_245' title='bbox 869 2848 928 2878; x_wconf 86' lang='lat' dir='ltr'>avec</span> <span class='ocrx_word' id='word_1_246' title='bbox 942 2838 964 2878; x_wconf 92' lang='lat' dir='ltr'>le</span> <span class='ocrx_word' id='word_1_247' title='bbox 975 2837 1086 2891; x_wconf 74' lang='lat' dir='ltr'>subiunc-</span> 
     </span>
     <span class='ocr_line' id='line_1_32' title="bbox 140 2892 1086 2964; baseline 0.002 -27"><span class='ocrx_word' id='word_1_248' title='bbox 140 2907 189 2942; x_wconf 80' lang='lat' dir='ltr'>nuo</span> <span class='ocrx_word' id='word_1_249' title='bbox 209 2908 327 2963; x_wconf 56' lang='lat' dir='ltr'>alioqum,</span> <span class='ocrx_word' id='word_1_250' title='bbox 346 2902 360 2944; x_wconf 66' lang='grc' dir='ltr'>ὲ</span> <span class='ocrx_word' id='word_1_251' title='bbox 380 2892 498 2964; x_wconf 73' lang='lat' dir='ltr'>Alexandro</span> <span class='ocrx_word' id='word_1_252' title='bbox 514 2892 573 2936; x_wconf 85' lang='lat' dir='ltr'>d&#39;ail-</span> <span class='ocrx_word' id='word_1_253' title='bbox 627 2897 654 2938; x_wconf 84' lang='lat' dir='ltr'>ul</span> <span class='ocrx_word' id='word_1_254' title='bbox 661 2909 716 2941; x_wconf 89' lang='lat' dir='ltr'>sans</span> <span class='ocrx_word' id='word_1_255' title='bbox 727 2903 763 2940; x_wconf 81' lang='lat' dir='ltr'>ul.</span> <span class='ocrx_word' id='word_1_256' title='bbox 774 2919 801 2926; x_wconf 88' lang='lat'>—</span> <span class='ocrx_word' id='word_1_257' title='bbox 812 2902 847 2939; x_wconf 82' lang='lat'>23.</span> <span class='ocrx_word' id='word_1_258' title='bbox 864 2899 999 2951; x_wconf 76' lang='lat' dir='ltr'>prosequi,</span> <span class='ocrx_word' id='word_1_259' title='bbox 1018 2910 1086 2941; x_wconf 84' lang='lat' dir='ltr'>sous-</span> 
     </span>
     <span class='ocr_line' id='line_1_33' title="bbox 140 2955 1083 3013; baseline 0.005 -17"><span class='ocrx_word' id='word_1_260' title='bbox 140 2955 201 3003; x_wconf 78' lang='lat' dir='ltr'>leurs</span> <span class='ocrx_word' id='word_1_261' title='bbox 226 2970 284 3013; x_wconf 76' lang='lat' dir='ltr'>uelit,</span> <span class='ocrx_word' id='word_1_262' title='bbox 300 2994 327 3004; x_wconf 89' lang='lat'>-</span> <span class='ocrx_word' id='word_1_263' title='bbox 352 2970 389 3007; x_wconf 82' lang='lat'>20.</span> <span class='ocrx_word' id='word_1_264' title='bbox 410 2956 454 2996; x_wconf 78' lang='lat' dir='ltr'>iter</span> <span class='ocrx_word' id='word_1_265' title='bbox 471 2956 570 3008; x_wconf 64' lang='lat' dir='ltr'>recredi,</span> <span class='ocrx_word' id='word_1_266' title='bbox 625 2961 720 3002; x_wconf 88' lang='lat' dir='ltr'>enteudu</span> <span class='ocrx_word' id='word_1_267' title='bbox 736 2970 784 3002; x_wconf 81' lang='lat' dir='ltr'>ees.</span> <span class='ocrx_word' id='word_1_268' title='bbox 796 2964 866 3001; x_wconf 81' lang='lat'><strong>-24.</strong></span> <span class='ocrx_word' id='word_1_269' title='bbox 882 2962 1083 3007; x_wconf 71' lang='lat' dir='ltr'>antecameram.</span> 
     </span>
     <span class='ocr_line' id='line_1_34' title="bbox 138 3015 1082 3075; baseline 0.005 -18"><span class='ocrx_word' id='word_1_270' title='bbox 138 3015 185 3061; x_wconf 77' lang='lat' dir='ltr'>tire</span> <span class='ocrx_word' id='word_1_271' title='bbox 207 3036 234 3067; x_wconf 85' lang='lat' dir='ltr'>en</span> <span class='ocrx_word' id='word_1_272' title='bbox 253 3032 345 3074; x_wconf 63' lang='lat' dir='ltr'>mar-che.</span> <span class='ocrx_word' id='word_1_273' title='bbox 372 3041 401 3053; x_wconf 92' lang='lat'>·-</span> <span class='ocrx_word' id='word_1_274' title='bbox 420 3022 452 3058; x_wconf 82' lang='lat'>21.</span> <span class='ocrx_word' id='word_1_275' title='bbox 472 3026 571 3057; x_wconf 77' lang='lat' dir='ltr'>momm-</span> <span class='ocrx_word' id='word_1_276' title='bbox 624 3032 670 3075; x_wconf 80' lang='lat' dir='ltr'>roy.</span> <span class='ocrx_word' id='word_1_277' title='bbox 681 3023 752 3064; x_wconf 83' lang='lat' dir='ltr'>Rem.</span> <span class='ocrx_word' id='word_1_278' title='bbox 763 3026 837 3063; x_wconf 80' lang='lat'><strong>35.—</strong></span> <span class='ocrx_word' id='word_1_279' title='bbox 854 3027 892 3063; x_wconf 83' lang='lat'>25.</span> <span class='ocrx_word' id='word_1_280' title='bbox 910 3022 1015 3073; x_wconf 75' lang='lat' dir='ltr'>occisis,</span> <span class='ocrx_word' id='word_1_281' title='bbox 1028 3032 1082 3074; x_wconf 72' lang='lat' dir='ltr'>roy.</span> 
     </span>
    </p>
   </div>
   <div class='ocr_carea' id='block_1_8' title="bbox 139 3077 1083 3145">
    <p class='ocr_par' dir='ltr' id='par_1_8' title="bbox 139 3077 1083 3145">
     <span class='ocr_line' id='line_1_35' title="bbox 139 3077 1083 3145; baseline 0.001 -23"><span class='ocrx_word' id='word_1_282' title='bbox 139 3080 192 3122; x_wconf 76' lang='lat' dir='ltr'>lum</span> <span class='ocrx_word' id='word_1_283' title='bbox 204 3095 231 3127; x_wconf 87' lang='lat' dir='ltr'>ue</span> <span class='ocrx_word' id='word_1_284' title='bbox 246 3100 270 3133; x_wconf 77' lang='lat' dir='ltr'>aa</span> <span class='ocrx_word' id='word_1_285' title='bbox 286 3089 389 3145; x_wconf 80' lang='lat' dir='ltr'>repperio</span> <span class='ocrx_word' id='word_1_286' title='bbox 405 3077 452 3133; x_wconf 77' lang='lat' dir='ltr'>qu’a</span> <span class='ocrx_word' id='word_1_287' title='bbox 464 3078 527 3130; x_wconf 77' lang='lat' dir='ltr'>lame</span> <span class='ocrx_word' id='word_1_288' title='bbox 537 3077 569 3121; x_wconf 84' lang='lat' dir='ltr'>:il</span> <span class='ocrx_word' id='word_1_289' title='bbox 593 3126 597 3134; x_wconf 74' lang='grc'>,</span> <span class='ocrx_word' id='word_1_290' title='bbox 621 3085 829 3130; x_wconf 75' lang='lat' dir='ltr'>Rem.125.—26.</span> <span class='ocrx_word' id='word_1_291' title='bbox 844 3088 1008 3137; x_wconf 65' lang='lat' dir='ltr'>spumarent,</span> <span class='ocrx_word' id='word_1_292' title='bbox 1023 3093 1083 3135; x_wconf 84' lang='lat' dir='ltr'>pour</span> 
     </span>
    </p>
   </div>
   <div class='ocr_carea' id='block_1_9' title="bbox 0 0 1164 3500">
    <p class='ocr_par' dir='ltr' id='par_1_9' title="bbox 0 0 1164 3500">
     <span class='ocr_line' id='line_1_36' title="bbox 0 0 1164 3500; baseline 0 6"><span class='ocrx_word' id='word_1_293' title='bbox 0 0 1164 3500; x_wconf 95' lang='lat' dir='ltr'> </span> 
     </span>
    </p>
   </div>
  </div>
 </body>
</html>
