2317 3500
151 186 378 299 [Pninr.
425 211 564 294 332]
832 290 840 300 ·
873 227 1058 271 menn
1100 227 1185 270 ιν.
1851 211 1924 265 59

153 356 338 400 muros
363 347 666 417 turresque
688 342 846 399 urbis
886 343 1187 414 praealtum
1232 355 1389 394 mare
1438 340 1720 397 ambiebat
1757 361 1769 396 ε
1812 355 1926 394 non

152 438 514 500 tormenta12‚
561 433 670 490 nisi
707 450 738 489 e
775 431 1011 489 navibus
1050 431 1250 502 procul
1294 446 1546 496 excussa,
1590 429 1762 498 mitti,
1812 444 1927 484 non

154 524 309 579 scalae
355 524 636 580 moenibus
663 521 926 594 applicari
968 521 1235 592 poterant
1264 535 1550 591 :praeceps
1591 519 1647 574 in
1684 519 1867 574 salum
1883 517 1929 551 ¹³

154 627 347 668 murus
374 613 635 683 pedestre
658 610 1030 681 interceperat
1056 607 1199 663 iter:
1228 622 1400 661 naves
1424 622 1527 661 nec
1549 604 1789 661 habebat
1810 620 1927 669 rex,

155 703 228 765 et,
268 700 315 754 si
341 698 700 768 admovisset,
739 701 1045 771 pendentes
1082 700 1141 751 et
1176 694 1468 750 instabiles
1495 693 1803 749 missilibus
1834 709 1933 748 ar·-

155 787 262 843 ceri
292 792 569 859 poterant.
612 787 716 860 [10]
750 786 903 843 Inter
939 803 1080 858 quae,
1106 799 1282 856 parva
1318 784 1470 840 dictu
1512 799 1604 839 res
1633 780 1931 854 Tyriorum

159 877 415 932 fiduciam
452 878 723 934 accendit.
771 876 914 933 Car-

158 964 598 1037 thaginiensium
632 966 806 1039 legati
843 967 938 1022 ad.

160 1054 548 1110 celebrandum
573 1070 796 1110 sacrum
820 1068 915 1108 an·
1000 1119 1004 1122 p
1063 1046 1079 1090 ἶ

160 1142 527 1198 niversarium
549 1159 709 1199 more
733 1141 914 1214 patrio

161 1233 292 1284 tunc
330 1234 603 1287 venerant
646 1248 659 1283 t
709 1228 915 1300 quippe
1000 1234 1004 1250 ²
1064 1246 1084 1306 j
1172 1278 1218 1298 ζ,

165 1317 559 1391 Carthaginem
592 1316 742 1391 Tyrii
780 1333 914 1373 con—
1000 1334 1021 1370 ,ἰ
1239 1362 1244 1369 ,
1332 1310 1340 1318 ’

163 1405 501 1474 diderunt¹⁴,
547 1422 771 1476 semper
819 1422 919 1476 pa-
1212 1397 1224 1406 ’

164 1497 385 1549 rentum
426 1495 547 1551 loco
599 1493 754 1549 cul-ti.
814 1491 913 1563 [11]
1004 1559 1008 1563 ,

165 1580 388 1638 Hortari
408 1598 541 1654 ergo
569 1580 724 1636 Poeni
751 1596 920 1650 coepe·

165 1673 296 1724 runt
318 1673 382 1725 ut
409 1669 760 1725 obsidionem
786 1667 918 1723 forti
1160 1739 1164 1743 .
1220 1739 1228 1747 „

166 1758 350 1814 animo
380 1761 738 1829 paterentur:
762 1756 918 1811 brevi
1004 1739 1300 1799 -f

165 1846 504 1919 Carthagine
547 1845 755 1901 auxilia
785 1861 922 1902 ven—

163 1940 308 1991 tura.
358 1935 615 2006 Namque
657 1950 723 1989 ea
777 1936 921 1988 tem-
1004 1919 1008 1947 ⁵

165 2027 432 2094 pestate¹⁸
447 2040 655 2096 magna
673 2039 739 2079 ex
761 2028 920 2095 parte
1404 2074 1416 2079 -

164 2111 389 2168 Punicis
440 2112 712 2168 classibus
746 2112 924 2169 maria
1287 2138 1388 2181 ΗΜ,
1422 2138 1470 2180 d,
1498 2138 1597 2191 Tyr.

160 2200 559 2257 obsidebantur
574 2205 642 2255 ¹⁶.

233 2289 335 2362 [12]
374 2289 574 2362 Igitur,
616 2290 762 2348 bello
802 2291 1047 2356 decreto,
1090 2307 1191 2361 per
1236 2306 1431 2346 muros
1482 2292 1783 2360 turresque
1818 2291 1937 2342 tor-

158 2382 354 2434 menta
389 2381 707 2449 disponunt,
737 2397 896 2436 arma
931 2379 1256 2451 junioribus
1302 2379 1577 2448 dividunt,
1628 2377 1852 2450 opifices
1870 2382 1934 2447 ¹⁷,

157 2483 404 2538 quorum
433 2467 589 2538 copia
628 2470 764 2524 urbs
799 2469 1141 2537 abundabat,
1173 2468 1233 2523 in
1259 2467 1510 2523 officinas
1558 2466 1926 2523 distribuunt.

155 2555 366 2610 Omnia
385 2556 514 2611 belli
541 2561 810 2628 apparatu
839 2561 1098 2628 strepunt
1129 2578 1142 2611 ε
1168 2557 1366 2614 ferreae
1395 2572 1617 2631 quoque
1646 2574 1850 2614 manus
1869 2589 1935 2599 —-

154 2645 516 2717 harpagonas
537 2644 582 2678 ¹⁸
617 2649 821 2703 vocant
850 2675 916 2687 —-
958 2662 1101 2718 quas
1144 2646 1410 2716 operibus
1455 2645 1704 2702 hostium
1742 2644 1938 2717 injice-

151 2734 307 2799 rent,
364 2732 624 2807 corvique
645 2740 688 2774 ¹⁹
727 2737 800 2790 'et
847 2732 1020 2791 alia²⁰
1066 2734 1291 2790 tuendis
1341 2735 1576 2789 urbibus
1626 2733 1940 2802 excogitata

155 2848 220 2890 les
263 2846 408 2902 ioints.
438 2872 490 2881 -
517 2856 574 2894 12.
614 2855 856 2900 tor-menta,
892 2862 997 2905 pro·
1098 2853 1202 2901 tate,
1224 2862 1318 2905 voy.
1353 2851 1475 2892 Rem.
1496 2856 1563 2893 26.
1592 2870 1646 2879 —
1665 2853 1728 2891 16.
1758 2843 1951 2892 obside,

150 2908 346 2965 jectiles3
387 2909 442 2952 cf.
470 2911 608 2954 Cesar.
646 2912 698 2954 Β.
737 2912 805 2965 G„
834 2912 903 2961 111,
931 2918 995 2956 51.
1099 2914 1287 2963 bantur,
1301 2912 1459 2954 etaient
1471 2912 1752 2963 occupees.—
1769 2904 1944 2955 stopi-

153 2993 214 3003 —
241 2974 583 3027 13.proecepu'n
605 2974 774 3026 salum,
804 2974 879 3029 qui
905 2974 997 3016 des-
1100 2976 1223 3028 ficos.
1259 2974 1341 3016 Les
1372 2971 1552 3026 Tyriens
1582 2968 1739 3017 etaient
1758 2965 1941 3008 cdlbbres

155 3032 268 3075 cond
303 3034 327 3076 a
363 3034 432 3088 pic
469 3036 571 3078 dans
598 3037 636 3078 la
663 3048 752 3078 mer
774 3050 783 3078 :
819 3040 912 3079 tout
951 3047 997 3077 ce
1100 3049 1207 3091 pour
1224 3037 1313 3078 leur
1329 3034 1509 3077 habilete
1527 3033 1551 3073 a
1570 3026 1838 3073 travaillerle
1857 3028 1944 3069 me-

155 3106 342 3150 passage
374 3101 440 3139 est
463 3098 689 3153 poetique‚;
726 3111 801 3142 sur
830 3099 870 3140 le
909 3103 998 3141 mot
1101 3099 1174 3141 tal.
1197 3119 1251 3128 —
1273 3104 1335 3141 18.
1361 3097 1680 3145 han-paporum,
1703 3090 1941 3142 νΟΥᾹῗθΊΥῑ-

153 3157 318 3200 salum
331 3169 424 3214 νος.
445 3160 568 3203 Rom.
594 3167 643 3205 28
663 3174 705 3205 a.
733 3184 786 3192 -
807 3166 871 3205 14.
888 3172 996 3202 con·
1102 3168 1170 3211 21,
1196 3163 1241 3203 et
1258 3156 1503 3200 Dict.Hist.
1525 3174 1579 3183 —
1596 3158 1661 3196 19.
1681 3150 1825 3203 corvi,
1845 3162 1940 3203 voy.

156 3218 401 3269 didm—m.
422 3232 516 3263 vers
533 3229 623 3267 ooo.
646 3246 699 3256 —
721 3230 784 3267 15.
805 3228 997 3275 tempos-
1047 3233 1054 3262 ε
1103 3221 1223 3263 Dici.
1236 3219 1356 3261 Huc.
1379 3220 1507 3255 -πα
1520 3212 1635 3265 alia,
1647 3211 1737 3267 pris
1752 3212 1948 3255 substan-
