<?xml version="1.0" encoding="UTF-8"?>
<!DOCTYPE html PUBLIC "-//W3C//DTD XHTML 1.0 Transitional//EN"
    "http://www.w3.org/TR/xhtml1/DTD/xhtml1-transitional.dtd">
<html xmlns="http://www.w3.org/1999/xhtml" xml:lang="en" lang="en">
 <head>
  <title>
</title>
<meta http-equiv="Content-Type" content="text/html;charset=utf-8" />
  <meta name='ocr-system' content='tesseract 3.04.00' />
  <meta name='ocr-capabilities' content='ocr_page ocr_carea ocr_par ocr_line ocrx_word'/>
</head>
<body>
  <div class='ocr_page' id='page_1' title='image "./qcurtiirufihist00vogegoog_0235.png"; bbox 0 0 2317 3500; ppageno 0'>
   <div class='ocr_carea' id='block_1_1' title="bbox 242 527 791 618">
    <p class='ocr_par' dir='ltr' id='par_1_1' title="bbox 242 527 791 618">
     <span class='ocr_line' id='line_1_1' title="bbox 242 527 791 618; baseline 0 -2"><span class='ocrx_word' id='word_1_1' title='bbox 242 527 432 618; x_wconf 88' lang='lat' dir='ltr'>LIBER</span> <span class='ocrx_word' id='word_1_2' title='bbox 466 527 791 617; x_wconf 84' lang='lat' dir='ltr'>SEPTIMUS.</span> 
     </span>
    </p>
   </div>
   <div class='ocr_carea' id='block_1_2' title="bbox 74 1031 966 1243">
    <p class='ocr_par' dir='ltr' id='par_1_2' title="bbox 74 1031 966 1243">
     <span class='ocr_line' id='line_1_2' title="bbox 74 1031 963 1099; baseline 0 -17"><span class='ocrx_word' id='word_1_3' title='bbox 74 1031 206 1083; x_wconf 80' lang='lat' dir='ltr'>llexandre</span> <span class='ocrx_word' id='word_1_4' title='bbox 217 1032 345 1098; x_wconf 74' lang='lat' dir='ltr'>Lyncesto,</span> <span class='ocrx_word' id='word_1_5' title='bbox 368 1035 504 1084; x_wconf 83' lang='lat' dir='ltr'>oonvatncu</span> <span class='ocrx_word' id='word_1_6' title='bbox 514 1033 546 1083; x_wconf 86' lang='lat' dir='ltr'>do</span> <span class='ocrx_word' id='word_1_7' title='bbox 557 1032 736 1099; x_wconf 82' lang='lat' dir='ltr'>conspiration,</span> <span class='ocrx_word' id='word_1_8' title='bbox 749 1038 788 1084; x_wconf 85' lang='lat' dir='ltr'>est</span> <span class='ocrx_word' id='word_1_9' title='bbox 799 1033 848 1084; x_wconf 84' lang='lat' dir='ltr'>min</span> <span class='ocrx_word' id='word_1_10' title='bbox 861 1035 877 1083; x_wconf 77' lang='lat' dir='ltr'>b</span> <span class='ocrx_word' id='word_1_11' title='bbox 890 1037 963 1083; x_wconf 87' lang='lat' dir='ltr'>mort.</span> 
     </span>
     <span class='ocr_line' id='line_1_3' title="bbox 103 1103 966 1170; baseline 0.001 -15"><span class='ocrx_word' id='word_1_12' title='bbox 103 1105 219 1170; x_wconf 78' lang='lat' dir='ltr'>Amyntas</span> <span class='ocrx_word' id='word_1_13' title='bbox 227 1109 252 1154; x_wconf 86' lang='lat' dir='ltr'>et</span> <span class='ocrx_word' id='word_1_14' title='bbox 259 1103 385 1168; x_wconf 82' lang='lat' dir='ltr'>Simmiae,</span> <span class='ocrx_word' id='word_1_15' title='bbox 393 1105 458 1154; x_wconf 87' lang='lat' dir='ltr'>amis</span> <span class='ocrx_word' id='word_1_16' title='bbox 468 1107 499 1156; x_wconf 90' lang='lat' dir='ltr'>de</span> <span class='ocrx_word' id='word_1_17' title='bbox 507 1106 627 1168; x_wconf 84' lang='lat' dir='ltr'>Philotas,</span> <span class='ocrx_word' id='word_1_18' title='bbox 635 1108 738 1156; x_wconf 74' lang='lat' dir='ltr'>accuses</span> <span class='ocrx_word' id='word_1_19' title='bbox 745 1105 898 1170; x_wconf 86' lang='lat' dir='ltr'>d’avoirpris</span> <span class='ocrx_word' id='word_1_20' title='bbox 910 1109 966 1170; x_wconf 89' lang='lat' dir='ltr'>part</span> 
     </span>
     <span class='ocr_line' id='line_1_4' title="bbox 103 1176 674 1243; baseline 0.002 -16"><span class='ocrx_word' id='word_1_21' title='bbox 103 1192 134 1227; x_wconf 88' lang='lat' dir='ltr'>au</span> <span class='ocrx_word' id='word_1_22' title='bbox 147 1176 264 1241; x_wconf 79' lang='lat' dir='ltr'><strong>complet,</strong></span> <span class='ocrx_word' id='word_1_23' title='bbox 275 1190 302 1226; x_wconf 86' lang='lat' dir='ltr'>se</span> <span class='ocrx_word' id='word_1_24' title='bbox 316 1177 450 1227; x_wconf 79' lang='lat' dir='ltr'>defendent</span> <span class='ocrx_word' id='word_1_25' title='bbox 459 1177 674 1243; x_wconf 77' lang='lat' dir='ltr'>euergiquement.</span> 
     </span>
    </p>
   </div>
   <div class='ocr_carea' id='block_1_3' title="bbox 70 1334 982 2381">
    <p class='ocr_par' dir='ltr' id='par_1_3' title="bbox 70 1334 982 2381">
     <span class='ocr_line' id='line_1_5' title="bbox 108 1334 966 1412; baseline 0.005 -22"><span class='ocrx_word' id='word_1_26' title='bbox 108 1334 129 1393; x_wconf 89' lang='lat'>1.</span> <span class='ocrx_word' id='word_1_27' title='bbox 143 1335 177 1408; x_wconf 83' lang='lat'>[1]</span> <span class='ocrx_word' id='word_1_28' title='bbox 188 1335 338 1392; x_wconf 80' lang='lat' dir='ltr'>Philotan¹</span> <span class='ocrx_word' id='word_1_29' title='bbox 351 1335 434 1402; x_wconf 90' lang='lat' dir='ltr'>sicut,</span> <span class='ocrx_word' id='word_1_30' title='bbox 446 1337 606 1394; x_wconf 78' lang='lat' dir='ltr'>recentibus</span> <span class='ocrx_word' id='word_1_31' title='bbox 616 1338 730 1394; x_wconf 84' lang='lat' dir='ltr'>sceleris</span> <span class='ocrx_word' id='word_1_32' title='bbox 748 1337 810 1412; x_wconf 88' lang='lat' dir='ltr'>ejus</span> <span class='ocrx_word' id='word_1_33' title='bbox 827 1337 966 1410; x_wconf 85' lang='lat' dir='ltr'>vestigiis,</span> 
     </span>
     <span class='ocr_line' id='line_1_6' title="bbox 70 1423 967 1499; baseline 0.004 -21"><span class='ocrx_word' id='word_1_34' title='bbox 70 1423 134 1496; x_wconf 85' lang='lat' dir='ltr'>jure</span> <span class='ocrx_word' id='word_1_35' title='bbox 155 1423 296 1479; x_wconf 87' lang='lat' dir='ltr'>adlectum</span> <span class='ocrx_word' id='word_1_36' title='bbox 318 1423 455 1496; x_wconf 93' lang='lat' dir='ltr'>supplicio</span> <span class='ocrx_word' id='word_1_37' title='bbox 475 1430 645 1482; x_wconf 78' lang='lat' dir='ltr'>censuerant</span> <span class='ocrx_word' id='word_1_38' title='bbox 665 1427 782 1499; x_wconf 79' lang='lat' dir='ltr'>milites,</span> <span class='ocrx_word' id='word_1_39' title='bbox 801 1426 869 1495; x_wconf 76' lang='lat' dir='ltr'>ita²‚</span> <span class='ocrx_word' id='word_1_40' title='bbox 891 1431 967 1499; x_wconf 89' lang='lat' dir='ltr'>post·</span> 
     </span>
     <span class='ocr_line' id='line_1_7' title="bbox 74 1511 970 1585; baseline 0.003 -18"><span class='ocrx_word' id='word_1_41' title='bbox 74 1528 157 1584; x_wconf 87' lang='lat' dir='ltr'>quarn</span> <span class='ocrx_word' id='word_1_42' title='bbox 174 1511 296 1568; x_wconf 80' lang='lat' dir='ltr'>desierat</span> <span class='ocrx_word' id='word_1_43' title='bbox 313 1529 374 1568; x_wconf 87' lang='lat' dir='ltr'>esse</span> <span class='ocrx_word' id='word_1_44' title='bbox 394 1530 478 1585; x_wconf 88' lang='lat' dir='ltr'>quem</span> <span class='ocrx_word' id='word_1_45' title='bbox 491 1514 628 1584; x_wconf 88' lang='lat' dir='ltr'>odissent,</span> <span class='ocrx_word' id='word_1_46' title='bbox 642 1515 748 1572; x_wconf 87' lang='lat' dir='ltr'>invidia</span> <span class='ocrx_word' id='word_1_47' title='bbox 761 1516 791 1572; x_wconf 91' lang='lat' dir='ltr'>in</span> <span class='ocrx_word' id='word_1_48' title='bbox 805 1516 970 1572; x_wconf 89' lang='lat' dir='ltr'>misericor-</span> 
     </span>
     <span class='ocr_line' id='line_1_8' title="bbox 75 1599 969 1675; baseline 0.004 -20"><span class='ocrx_word' id='word_1_49' title='bbox 75 1600 149 1656; x_wconf 82' lang='lat' dir='ltr'>diam</span> <span class='ocrx_word' id='word_1_50' title='bbox 163 1600 273 1657; x_wconf 84' lang='lat' dir='ltr'>vertit⁵.</span> <span class='ocrx_word' id='word_1_51' title='bbox 288 1599 322 1674; x_wconf 79' lang='lat'>[2]</span> <span class='ocrx_word' id='word_1_52' title='bbox 337 1602 463 1658; x_wconf 82' lang='lat' dir='ltr'>Moverat</span> <span class='ocrx_word' id='word_1_53' title='bbox 477 1605 504 1658; x_wconf 87' lang='lat' dir='ltr'>et</span> <span class='ocrx_word' id='word_1_54' title='bbox 515 1603 630 1658; x_wconf 81' lang='lat' dir='ltr'>claritas</span> <span class='ocrx_word' id='word_1_55' title='bbox 642 1603 754 1675; x_wconf 77' lang='lat' dir='ltr'>juvenis</span> <span class='ocrx_word' id='word_1_56' title='bbox 767 1609 796 1659; x_wconf 90' lang='lat' dir='ltr'>et</span> <span class='ocrx_word' id='word_1_57' title='bbox 806 1603 896 1674; x_wconf 88' lang='lat' dir='ltr'>patris</span> <span class='ocrx_word' id='word_1_58' title='bbox 907 1604 969 1674; x_wconf 89' lang='lat' dir='ltr'>ejus</span> 
     </span>
     <span class='ocr_line' id='line_1_9' title="bbox 74 1690 982 1769; baseline 0.001 -23"><span class='ocrx_word' id='word_1_59' title='bbox 74 1694 205 1746; x_wconf 88' lang='lat' dir='ltr'>senectus</span> <span class='ocrx_word' id='word_1_60' title='bbox 228 1693 313 1762; x_wconf 87' lang='lat' dir='ltr'>atque</span> <span class='ocrx_word' id='word_1_61' title='bbox 335 1690 441 1747; x_wconf 88' lang='lat' dir='ltr'>orbitas</span> <span class='ocrx_word' id='word_1_62' title='bbox 449 1697 470 1745; x_wconf 84' lang='lat'>⁴.</span> <span class='ocrx_word' id='word_1_63' title='bbox 495 1690 528 1764; x_wconf 80' lang='grc'>[3]</span> <span class='ocrx_word' id='word_1_64' title='bbox 550 1690 667 1747; x_wconf 88' lang='lat' dir='ltr'>Primus</span> <span class='ocrx_word' id='word_1_65' title='bbox 689 1691 785 1749; x_wconf 80' lang='lat' dir='ltr'>Asiam</span> <span class='ocrx_word' id='word_1_66' title='bbox 801 1694 982 1769; x_wconf 64' lang='lat' dir='ltr'>‘aperuerat‘¹</span> 
     </span>
     <span class='ocr_line' id='line_1_10' title="bbox 73 1778 970 1853; baseline -0.002 -17"><span class='ocrx_word' id='word_1_67' title='bbox 73 1778 158 1853; x_wconf 87' lang='lat' dir='ltr'>regi:</span> <span class='ocrx_word' id='word_1_68' title='bbox 181 1778 309 1835; x_wconf 90' lang='lat' dir='ltr'>omnium</span> <span class='ocrx_word' id='word_1_69' title='bbox 328 1778 519 1850; x_wconf 90' lang='lat' dir='ltr'>periculorum</span> <span class='ocrx_word' id='word_1_70' title='bbox 532 1778 595 1851; x_wconf 84' lang='lat' dir='ltr'>ejus</span> <span class='ocrx_word' id='word_1_71' title='bbox 615 1781 766 1852; x_wconf 86' lang='lat' dir='ltr'>particeps,</span> <span class='ocrx_word' id='word_1_72' title='bbox 790 1796 902 1850; x_wconf 88' lang='lat' dir='ltr'>semper</span> <span class='ocrx_word' id='word_1_73' title='bbox 929 1778 970 1834; x_wconf 88' lang='lat' dir='ltr'>al-</span> 
     </span>
     <span class='ocr_line' id='line_1_11' title="bbox 72 1867 970 1942; baseline -0.003 -16"><span class='ocrx_word' id='word_1_74' title='bbox 72 1872 187 1926; x_wconf 79' lang='lat' dir='ltr'>terum⁶</span> <span class='ocrx_word' id='word_1_75' title='bbox 202 1868 231 1923; x_wconf 89' lang='lat' dir='ltr'>in</span> <span class='ocrx_word' id='word_1_76' title='bbox 244 1867 302 1925; x_wconf 89' lang='lat' dir='ltr'>acie</span> <span class='ocrx_word' id='word_1_77' title='bbox 323 1884 412 1924; x_wconf 89' lang='lat' dir='ltr'>cornu</span> <span class='ocrx_word' id='word_1_78' title='bbox 426 1869 619 1938; x_wconf 79' lang='lat' dir='ltr'>defenderat⁷,</span> <span class='ocrx_word' id='word_1_79' title='bbox 632 1867 764 1941; x_wconf 90' lang='lat' dir='ltr'>Philippo</span> <span class='ocrx_word' id='word_1_80' title='bbox 778 1885 891 1942; x_wconf 85' lang='lat' dir='ltr'>quoque</span> <span class='ocrx_word' id='word_1_81' title='bbox 905 1870 970 1924; x_wconf 89' lang='lat' dir='ltr'>ante</span> 
     </span>
     <span class='ocr_line' id='line_1_12' title="bbox 73 1946 970 2030; baseline -0.003 -17"><span class='ocrx_word' id='word_1_82' title='bbox 73 1972 174 2013; x_wconf 90' lang='lat' dir='ltr'>omnes</span> <span class='ocrx_word' id='word_1_83' title='bbox 189 1954 305 2024; x_wconf 88' lang='lat' dir='ltr'>amicus,</span> <span class='ocrx_word' id='word_1_84' title='bbox 324 1960 353 2013; x_wconf 86' lang='lat' dir='ltr'>et</span> <span class='ocrx_word' id='word_1_85' title='bbox 364 1956 418 2030; x_wconf 93' lang='lat' dir='ltr'>ipsi</span> <span class='ocrx_word' id='word_1_86' title='bbox 429 1946 590 2015; x_wconf 81' lang='lat' dir='ltr'>Alexandro</span> <span class='ocrx_word' id='word_1_87' title='bbox 609 1960 669 2013; x_wconf 90' lang='lat' dir='ltr'>tam</span> <span class='ocrx_word' id='word_1_88' title='bbox 690 1956 765 2015; x_wconf 86' lang='lat' dir='ltr'>lidus</span> <span class='ocrx_word' id='word_1_89' title='bbox 779 1960 812 2013; x_wconf 92' lang='lat' dir='ltr'>ut</span> <span class='ocrx_word' id='word_1_90' title='bbox 827 1955 970 2014; x_wconf 86' lang='lat' dir='ltr'>occidendi</span> 
     </span>
     <span class='ocr_line' id='line_1_13' title="bbox 72 2042 971 2119; baseline -0.001 -19"><span class='ocrx_word' id='word_1_91' title='bbox 72 2045 202 2101; x_wconf 87' lang='lat' dir='ltr'>Attalum</span> <span class='ocrx_word' id='word_1_92' title='bbox 215 2061 273 2101; x_wconf 90' lang='lat' dir='ltr'>non</span> <span class='ocrx_word' id='word_1_93' title='bbox 284 2043 339 2100; x_wconf 93' lang='lat' dir='ltr'>alio</span> <span class='ocrx_word' id='word_1_94' title='bbox 352 2044 483 2102; x_wconf 89' lang='lat' dir='ltr'>ministro</span> <span class='ocrx_word' id='word_1_95' title='bbox 493 2046 536 2102; x_wconf 91' lang='lat' dir='ltr'>uti</span> <span class='ocrx_word' id='word_1_96' title='bbox 546 2046 654 2103; x_wconf 90' lang='lat' dir='ltr'>mallet.</span> <span class='ocrx_word' id='word_1_97' title='bbox 670 2044 703 2119; x_wconf 77' lang='lat' dir='ltr'>[l]</span> <span class='ocrx_word' id='word_1_98' title='bbox 715 2047 825 2103; x_wconf 91' lang='lat' dir='ltr'>Horum</span> <span class='ocrx_word' id='word_1_99' title='bbox 837 2042 971 2119; x_wconf 84' lang='lat' dir='ltr'>cogitatio</span> 
     </span>
     <span class='ocr_line' id='line_1_14' title="bbox 73 2132 973 2209; baseline 0 -20"><span class='ocrx_word' id='word_1_100' title='bbox 73 2132 190 2190; x_wconf 87' lang='lat' dir='ltr'>subibat</span> <span class='ocrx_word' id='word_1_101' title='bbox 210 2134 372 2203; x_wconf 84' lang='lat' dir='ltr'>exercitum,</span> <span class='ocrx_word' id='word_1_102' title='bbox 397 2134 595 2209; x_wconf 73' lang='lat' dir='ltr'>seditiosaeque</span> <span class='ocrx_word' id='word_1_103' title='bbox 616 2149 701 2193; x_wconf 83' lang='lat' dir='ltr'>voces</span> <span class='ocrx_word' id='word_1_104' title='bbox 716 2135 914 2205; x_wconf 81' lang='lat' dir='ltr'>referebantur</span> <span class='ocrx_word' id='word_1_105' title='bbox 937 2134 973 2189; x_wconf 91' lang='lat' dir='ltr'>ad</span> 
     </span>
     <span class='ocr_line' id='line_1_15' title="bbox 72 2218 973 2295; baseline 0.002 -19"><span class='ocrx_word' id='word_1_106' title='bbox 72 2237 185 2293; x_wconf 83' lang='lat' dir='ltr'>regem.</span> <span class='ocrx_word' id='word_1_107' title='bbox 211 2218 281 2285; x_wconf 86' lang='lat' dir='ltr'>Quis</span> <span class='ocrx_word' id='word_1_108' title='bbox 298 2222 345 2278; x_wconf 90' lang='lat' dir='ltr'>ille</span> <span class='ocrx_word' id='word_1_109' title='bbox 367 2222 444 2280; x_wconf 91' lang='lat' dir='ltr'>haud</span> <span class='ocrx_word' id='word_1_110' title='bbox 475 2239 543 2280; x_wconf 91' lang='lat' dir='ltr'>sane</span> <span class='ocrx_word' id='word_1_111' title='bbox 575 2228 681 2291; x_wconf 89' lang='lat' dir='ltr'>motus,</span> <span class='ocrx_word' id='word_1_112' title='bbox 703 2223 829 2295; x_wconf 87' lang='lat' dir='ltr'>satisque</span> <span class='ocrx_word' id='word_1_113' title='bbox 849 2223 973 2295; x_wconf 87' lang='lat' dir='ltr'>prudens</span> 
     </span>
     <span class='ocr_line' id='line_1_16' title="bbox 74 2308 972 2381; baseline 0.004 -16"><span class='ocrx_word' id='word_1_114' title='bbox 74 2308 127 2365; x_wconf 91' lang='lat' dir='ltr'>otii</span> <span class='ocrx_word' id='word_1_115' title='bbox 144 2308 214 2364; x_wconf 89' lang='lat' dir='ltr'>vitia</span> <span class='ocrx_word' id='word_1_116' title='bbox 231 2309 346 2381; x_wconf 84' lang='lat' dir='ltr'>negotio</span> <span class='ocrx_word' id='word_1_117' title='bbox 373 2310 509 2379; x_wconf 79' lang='lat' dir='ltr'>discuti⁸‚</span> <span class='ocrx_word' id='word_1_118' title='bbox 528 2312 612 2369; x_wconf 88' lang='lat' dir='ltr'>edicit</span> <span class='ocrx_word' id='word_1_119' title='bbox 626 2315 659 2368; x_wconf 89' lang='lat' dir='ltr'>ut</span> <span class='ocrx_word' id='word_1_120' title='bbox 673 2329 772 2369; x_wconf 92' lang='lat' dir='ltr'>omnes</span> <span class='ocrx_word' id='word_1_121' title='bbox 788 2311 818 2369; x_wconf 91' lang='lat' dir='ltr'>in</span> <span class='ocrx_word' id='word_1_122' title='bbox 833 2312 972 2369; x_wconf 89' lang='lat' dir='ltr'>vestibulo</span> 
     </span>
    </p>
   </div>
   <div class='ocr_carea' id='block_1_4' title="bbox 73 2395 974 2556">
    <p class='ocr_par' dir='ltr' id='par_1_4' title="bbox 73 2395 974 2556">
     <span class='ocr_line' id='line_1_17' title="bbox 73 2395 974 2475; baseline 0.007 -22"><span class='ocrx_word' id='word_1_123' title='bbox 73 2395 166 2469; x_wconf 80' lang='lat' dir='ltr'>regiae</span> <span class='ocrx_word' id='word_1_124' title='bbox 178 2400 281 2466; x_wconf 81' lang='lat' dir='ltr'>praesto</span> <span class='ocrx_word' id='word_1_125' title='bbox 300 2396 366 2453; x_wconf 91' lang='lat' dir='ltr'>sint.</span> <span class='ocrx_word' id='word_1_126' title='bbox 381 2396 415 2471; x_wconf 85' lang='lat'>[5]</span> <span class='ocrx_word' id='word_1_127' title='bbox 428 2399 505 2465; x_wconf 88' lang='lat' dir='ltr'>Quos</span> <span class='ocrx_word' id='word_1_128' title='bbox 518 2401 566 2457; x_wconf 93' lang='lat' dir='ltr'>ubi</span> <span class='ocrx_word' id='word_1_129' title='bbox 580 2402 743 2475; x_wconf 81' lang='lat' dir='ltr'>frequentes</span> <span class='ocrx_word' id='word_1_130' title='bbox 760 2403 860 2459; x_wconf 88' lang='lat' dir='ltr'>adesse</span> <span class='ocrx_word' id='word_1_131' title='bbox 872 2418 974 2475; x_wconf 84' lang='lat' dir='ltr'>cogno·</span> 
     </span>
     <span class='ocr_line' id='line_1_18' title="bbox 74 2483 521 2556; baseline 0.007 -15"><span class='ocrx_word' id='word_1_132' title='bbox 74 2484 130 2551; x_wconf 86' lang='lat' dir='ltr'>vit,</span> <span class='ocrx_word' id='word_1_133' title='bbox 146 2483 177 2539; x_wconf 89' lang='lat' dir='ltr'>in</span> <span class='ocrx_word' id='word_1_134' title='bbox 197 2483 357 2540; x_wconf 90' lang='lat' dir='ltr'>contionem</span> <span class='ocrx_word' id='word_1_135' title='bbox 375 2487 521 2556; x_wconf 86' lang='lat' dir='ltr'>processit.</span> 
     </span>
    </p>
   </div>
   <div class='ocr_carea' id='block_1_5' title="bbox 73 2662 980 3159">
    <p class='ocr_par' dir='ltr' id='par_1_5' title="bbox 73 2662 980 3159">
     <span class='ocr_line' id='line_1_19' title="bbox 103 2662 976 2721; baseline -0.014 -6"><span class='ocrx_word' id='word_1_136' title='bbox 103 2666 121 2708; x_wconf 74' lang='grc' dir='ltr'>Ι·</span> <span class='ocrx_word' id='word_1_137' title='bbox 132 2672 151 2709; x_wconf 86' lang='lat'>¹·</span> <span class='ocrx_word' id='word_1_138' title='bbox 165 2663 284 2716; x_wconf 64' lang='lat' dir='ltr'>Philotan,</span> <span class='ocrx_word' id='word_1_139' title='bbox 301 2674 349 2719; x_wconf 66' lang='lat' dir='ltr'>vol·</span> <span class='ocrx_word' id='word_1_140' title='bbox 365 2664 426 2706; x_wconf 63' lang='lat' dir='ltr'>Rem·</span> <span class='ocrx_word' id='word_1_141' title='bbox 439 2670 459 2706; x_wconf 82' lang='lat'>2.</span> <span class='ocrx_word' id='word_1_142' title='bbox 476 2686 503 2696; x_wconf 92' lang='lat'>-</span> <span class='ocrx_word' id='word_1_143' title='bbox 555 2671 593 2710; x_wconf 72' lang='lat' dir='ltr'>etl</span> <span class='ocrx_word' id='word_1_144' title='bbox 608 2666 688 2721; x_wconf 74' lang='lat' dir='ltr'>europe</span> <span class='ocrx_word' id='word_1_145' title='bbox 697 2664 824 2709; x_wconf 80' lang='lat' dir='ltr'>Parmenion</span> <span class='ocrx_word' id='word_1_146' title='bbox 834 2668 856 2706; x_wconf 87' lang='lat' dir='ltr'>et</span> <span class='ocrx_word' id='word_1_147' title='bbox 864 2662 936 2706; x_wconf 84' lang='lat' dir='ltr'>Attalo</span> <span class='ocrx_word' id='word_1_148' title='bbox 949 2673 976 2704; x_wconf 85' lang='lat' dir='ltr'>en</span> 
     </span>
     <span class='ocr_line' id='line_1_20' title="bbox 74 2724 977 2779; baseline -0.008 -8"><span class='ocrx_word' id='word_1_149' title='bbox 74 2734 96 2770; x_wconf 85' lang='lat'>2.</span> <span class='ocrx_word' id='word_1_150' title='bbox 109 2727 198 2771; x_wconf 75' lang='lat' dir='ltr'>alona..</span> <span class='ocrx_word' id='word_1_151' title='bbox 214 2726 283 2779; x_wconf 51' lang='grc' dir='ltr'>ὕψη,</span> <span class='ocrx_word' id='word_1_152' title='bbox 298 2736 348 2769; x_wconf 82' lang='lat' dir='ltr'>aveo</span> <span class='ocrx_word' id='word_1_153' title='bbox 360 2724 380 2767; x_wconf 86' lang='lat' dir='ltr'>la</span> <span class='ocrx_word' id='word_1_154' title='bbox 392 2724 464 2767; x_wconf 84' lang='lat' dir='ltr'>valcur</span> <span class='ocrx_word' id='word_1_155' title='bbox 479 2724 504 2768; x_wconf 84' lang='lat' dir='ltr'>do</span> <span class='ocrx_word' id='word_1_156' title='bbox 556 2726 608 2771; x_wconf 78' lang='lat' dir='ltr'>Asia</span> <span class='ocrx_word' id='word_1_157' title='bbox 619 2728 715 2770; x_wconf 85' lang='lat' dir='ltr'>Mineure</span> <span class='ocrx_word' id='word_1_158' title='bbox 726 2740 776 2769; x_wconf 84' lang='lat' dir='ltr'>aveo</span> <span class='ocrx_word' id='word_1_159' title='bbox 786 2738 828 2769; x_wconf 88' lang='lat' dir='ltr'>une</span> <span class='ocrx_word' id='word_1_160' title='bbox 839 2724 915 2773; x_wconf 76' lang='lat' dir='ltr'>armoe.</span> <span class='ocrx_word' id='word_1_161' title='bbox 924 2734 977 2777; x_wconf 88' lang='lat' dir='ltr'>pom·</span> 
     </span>
     <span class='ocr_line' id='line_1_21' title="bbox 75 2784 977 2846; baseline -0.009 -13"><span class='ocrx_word' id='word_1_162' title='bbox 75 2796 139 2845; x_wconf 74' lang='grc' dir='ltr'><strong>μιν...</strong></span> <span class='ocrx_word' id='word_1_163' title='bbox 149 2790 179 2844; x_wconf 78' lang='lat' dir='ltr'>tt,</span> <span class='ocrx_word' id='word_1_164' title='bbox 189 2789 266 2846; x_wconf 90' lang='lat' dir='ltr'>emploi</span> <span class='ocrx_word' id='word_1_165' title='bbox 275 2788 373 2846; x_wconf 83' lang='lat' dir='ltr'>lra&#39;quont</span> <span class='ocrx_word' id='word_1_166' title='bbox 383 2787 469 2839; x_wconf 82' lang='lat' dir='ltr'>dansQ.</span> <span class='ocrx_word' id='word_1_167' title='bbox 478 2786 503 2831; x_wconf 86' lang='lat' dir='ltr'>G.</span> <span class='ocrx_word' id='word_1_168' title='bbox 556 2790 655 2844; x_wconf 70' lang='lat' dir='ltr'>preparet</span> <span class='ocrx_word' id='word_1_169' title='bbox 677 2789 696 2831; x_wconf 83' lang='lat' dir='ltr'>la</span> <span class='ocrx_word' id='word_1_170' title='bbox 715 2788 818 2842; x_wconf 76' lang='lat' dir='ltr'>conqotte</span> <span class='ocrx_word' id='word_1_171' title='bbox 836 2786 863 2829; x_wconf 87' lang='lat' dir='ltr'>dc</span> <span class='ocrx_word' id='word_1_172' title='bbox 883 2784 977 2838; x_wconf 84' lang='lat' dir='ltr'>l&#39;empiro</span> 
     </span>
     <span class='ocr_line' id='line_1_22' title="bbox 73 2847 979 2909; baseline -0.011 -10"><span class='ocrx_word' id='word_1_173' title='bbox 73 2876 104 2887; x_wconf 89' lang='lat'>·-</span> <span class='ocrx_word' id='word_1_174' title='bbox 124 2858 145 2899; x_wconf 75' lang='lat' dir='ltr'>s.</span> <span class='ocrx_word' id='word_1_175' title='bbox 159 2854 233 2907; x_wconf 72' lang='lat' dir='ltr'>omit,</span> <span class='ocrx_word' id='word_1_176' title='bbox 252 2866 301 2909; x_wconf 71' lang='lat' dir='ltr'>roy.</span> <span class='ocrx_word' id='word_1_177' title='bbox 317 2854 380 2897; x_wconf 75' lang='lat' dir='ltr'>Rom.</span> <span class='ocrx_word' id='word_1_178' title='bbox 394 2858 431 2895; x_wconf 81' lang='lat' dir='ltr'>lot</span> <span class='ocrx_word' id='word_1_179' title='bbox 444 2862 466 2893; x_wconf 86' lang='lat' dir='ltr'>a.</span> <span class='ocrx_word' id='word_1_180' title='bbox 479 2872 506 2881; x_wconf 91' lang='lat'>-</span> <span class='ocrx_word' id='word_1_181' title='bbox 558 2862 625 2905; x_wconf 79' lang='lat' dir='ltr'>porse.</span> <span class='ocrx_word' id='word_1_182' title='bbox 638 2874 665 2884; x_wconf 80' lang='lat'>-</span> <span class='ocrx_word' id='word_1_183' title='bbox 678 2857 698 2894; x_wconf 85' lang='lat' dir='ltr'>e.</span> <span class='ocrx_word' id='word_1_184' title='bbox 710 2850 819 2900; x_wconf 79' lang='lat' dir='ltr'>atterum,</span> <span class='ocrx_word' id='word_1_185' title='bbox 836 2858 892 2901; x_wconf 84' lang='lat' dir='ltr'>pour</span> <span class='ocrx_word' id='word_1_186' title='bbox 903 2847 979 2889; x_wconf 76' lang='lat' dir='ltr'>sinia-</span> 
     </span>
     <span class='ocr_line' id='line_1_23' title="bbox 74 2907 978 2971; baseline -0.01 -11"><span class='ocrx_word' id='word_1_187' title='bbox 74 2922 98 2961; x_wconf 76' lang='lat'>4.</span> <span class='ocrx_word' id='word_1_188' title='bbox 123 2918 221 2970; x_wconf 77' lang='lat' dir='ltr'>orbitae,</span> <span class='ocrx_word' id='word_1_189' title='bbox 239 2907 337 2971; x_wconf 56' lang='lat' dir='ltr'>vaput,</span> <span class='ocrx_word' id='word_1_190' title='bbox 357 2926 388 2963; x_wconf 81' lang='lat' dir='ltr'>rx,</span> <span class='ocrx_word' id='word_1_191' title='bbox 408 2918 440 2957; x_wconf 80' lang='lat'>27.</span> <span class='ocrx_word' id='word_1_192' title='bbox 454 2912 507 2954; x_wconf 88' lang='lat' dir='ltr'>Par·</span> <span class='ocrx_word' id='word_1_193' title='bbox 558 2917 635 2965; x_wconf 65' lang='lat' dir='ltr'>troam</span> <span class='ocrx_word' id='word_1_194' title='bbox 653 2924 700 2966; x_wconf 76' lang='lat' dir='ltr'>roy.</span> <span class='ocrx_word' id='word_1_195' title='bbox 718 2912 777 2953; x_wconf 81' lang='lat' dir='ltr'>Da&#39;ct.</span> <span class='ocrx_word' id='word_1_196' title='bbox 799 2909 858 2952; x_wconf 80' lang='lat' dir='ltr'>Hist.</span> <span class='ocrx_word' id='word_1_197' title='bbox 886 2920 912 2950; x_wconf 83' lang='lat' dir='ltr'>au</span> <span class='ocrx_word' id='word_1_198' title='bbox 935 2913 978 2951; x_wconf 93' lang='lat' dir='ltr'>mot</span> 
     </span>
     <span class='ocr_line' id='line_1_24' title="bbox 74 2968 979 3035; baseline -0.01 -14"><span class='ocrx_word' id='word_1_199' title='bbox 74 2978 168 3023; x_wconf 77' lang='lat' dir='ltr'>mtnion</span> <span class='ocrx_word' id='word_1_200' title='bbox 187 2978 244 3022; x_wconf 83' lang='lat' dir='ltr'>avait</span> <span class='ocrx_word' id='word_1_201' title='bbox 258 2978 325 3035; x_wconf 88' lang='lat' dir='ltr'>perdo</span> <span class='ocrx_word' id='word_1_202' title='bbox 344 2990 379 3021; x_wconf 89' lang='lat' dir='ltr'>ses</span> <span class='ocrx_word' id='word_1_203' title='bbox 391 2975 445 3019; x_wconf 85' lang='lat' dir='ltr'>trois</span> <span class='ocrx_word' id='word_1_204' title='bbox 464 2973 506 3025; x_wconf 87' lang='lat' dir='ltr'>llls,</span> <span class='ocrx_word' id='word_1_205' title='bbox 521 3016 525 3023; x_wconf 82' lang='grc'>,</span> <span class='ocrx_word' id='word_1_206' title='bbox 560 2982 666 3018; x_wconf 57' lang='lat' dir='ltr'>norme</span> <span class='ocrx_word' id='word_1_207' title='bbox 675 2981 694 3017; x_wconf 83' lang='grc'>7,</span> <span class='ocrx_word' id='word_1_208' title='bbox 707 2972 849 3025; x_wconf 71' lang='lat' dir='ltr'>defenderat,</span> <span class='ocrx_word' id='word_1_209' title='bbox 857 2968 914 3013; x_wconf 81' lang='lat' dir='ltr'>arsit</span> <span class='ocrx_word' id='word_1_210' title='bbox 922 2982 979 3013; x_wconf 92' lang='lat' dir='ltr'>com-</span> 
     </span>
     <span class='ocr_line' id='line_1_25' title="bbox 74 3032 980 3092; baseline -0.011 -8"><span class='ocrx_word' id='word_1_211' title='bbox 74 3041 169 3092; x_wconf 87' lang='lat' dir='ltr'>Hector,</span> <span class='ocrx_word' id='word_1_212' title='bbox 190 3040 281 3084; x_wconf 82' lang='lat' dir='ltr'>Nicanor</span> <span class='ocrx_word' id='word_1_213' title='bbox 301 3042 328 3083; x_wconf 89' lang='lat' dir='ltr'>&#39;ot</span> <span class='ocrx_word' id='word_1_214' title='bbox 352 3039 457 3084; x_wconf 85' lang='lat' dir='ltr'>Philotas.</span> <span class='ocrx_word' id='word_1_215' title='bbox 481 3059 508 3068; x_wconf 93' lang='lat'>-—</span> <span class='ocrx_word' id='word_1_216' title='bbox 560 3033 826 3090; x_wconf 63' lang='lat' dir='ltr'>nanda-spanum</span> <span class='ocrx_word' id='word_1_217' title='bbox 839 3032 980 3085; x_wconf 57' lang='lat' dir='ltr'>diseutbaa·</span> 
     </span>
     <span class='ocr_line' id='line_1_26' title="bbox 76 3095 980 3159; baseline -0.013 -11"><span class='ocrx_word' id='word_1_218' title='bbox 76 3108 99 3146; x_wconf 75' lang='grc'>5.</span> <span class='ocrx_word' id='word_1_219' title='bbox 117 3106 252 3156; x_wconf 67' lang='lat' dir='ltr'>aperturae.</span> <span class='ocrx_word' id='word_1_220' title='bbox 276 3102 375 3159; x_wconf 85' lang='lat' dir='ltr'>Philippa</span> <span class='ocrx_word' id='word_1_221' title='bbox 398 3100 456 3145; x_wconf 80' lang='lat' dir='ltr'>avait</span> <span class='ocrx_word' id='word_1_222' title='bbox 481 3110 508 3142; x_wconf 87' lang='lat' dir='ltr'>eu</span> <span class='ocrx_word' id='word_1_223' title='bbox 561 3096 749 3151; x_wconf 76' lang='lat' dir='ltr'>obantbienque3</span> <span class='ocrx_word' id='word_1_224' title='bbox 763 3106 817 3151; x_wconf 86' lang='lat' dir='ltr'>pour</span> <span class='ocrx_word' id='word_1_225' title='bbox 834 3095 855 3137; x_wconf 81' lang='lat' dir='ltr'>la</span> <span class='ocrx_word' id='word_1_226' title='bbox 872 3099 980 3138; x_wconf 80' lang='lat' dir='ltr'>construc-</span> 
     </span>
    </p>
   </div>
   <div class='ocr_carea' id='block_1_6' title="bbox 0 0 1171 3500">
    <p class='ocr_par' dir='ltr' id='par_1_6' title="bbox 0 0 1171 3500">
     <span class='ocr_line' id='line_1_27' title="bbox 0 0 1171 3500; baseline 0 0"><span class='ocrx_word' id='word_1_227' title='bbox 0 0 1171 3500; x_wconf 95' lang='lat' dir='ltr'> </span> 
     </span>
    </p>
   </div>
  </div>
 </body>
</html>
