2317 3500
99 159 164 242 tiri:
178 155 248 242 315]
459 176 554 222 ursus
576 176 618 222 nr.
932 165 989 222 367

93 296 171 366 inops
182 293 295 365 exeipit.
308 293 401 358 Quam
413 309 558 363 emensus,
569 293 599 349 in
611 291 706 348 Oritas
719 291 840 348 transit:
854 291 892 347 ibi
906 291 991 364 majo

92 402 151 441 rem
163 384 303 442 exercitus
320 387 431 454 partem
443 381 636 454 Hsphaestioni
652 380 779 449 tradidit,
794 382 885 438 levem
896 398 990 439 arma·

92 479 204 532 turam⁹
217 461 282 529 curti
297 473 449 529 Ptolemaeo
459 471 659 544 Leonnatoque
673 469 796 543 partitus
811 474 864 526 est.
875 471 911 544 [i]
924 469 991 529 Tria

92 565 175 622 simul
196 563 310 636 agmina
327 562 537 634 populabantur
556 560 651 629 Indos,
672 575 841 633 magnaque
858 561 992 630 predae

92 658 158 712 acta
183 657 252 710 sunt
271 671 277 705 :
299 651 458 708 maritimos
479 652 661 718 Ptolemaeus,
677 653 787 707 ceteros
805 649 866 722 ipse
883 664 943 720 rex,
962 656 992 709 et

92 745 124 800 ab
137 742 192 800 alia
206 744 287 813 parte
303 741 476 808 Leonnatus
489 740 622 794 urebant.
638 737 672 793 ln
685 739 738 794 hac
750 737 991 811 quoqueregione

92 833 218 887 urbem¹¹
234 828 369 896 condidit,
383 825 554 900 deductique
568 826 678 882 suntin
692 841 756 882 eam
767 824 926 882 Arachosii.

126 920 160 992 [8]
175 919 248 974 Hinc
261 917 391 990 pervenit
404 917 440 972 ad
454 915 615 972 maritimos
622 920 645 954 ¹²
661 915 756 972 Indos.
772 917 922 972 Desertam
942 931 992 972 ra-

91 1013 221 1081 stamque
238 1007 386 1081 regionem
408 1007 464 1062 late
475 1009 584 1077 tenent,
602 1021 636 1060 ac
649 1021 685 1059 ne
699 1021 764 1059 cum
780 1003 912 1061 finitimis
925 1003 989 1076 qui·

91 1101 154 1155 dem
175 1099 234 1154 ullo
260 1095 425 1153 commercii
446 1095 510 1168 jure
533 1094 702 1150 miscentur.
728 1093 763 1166 [9]
781 1092 846 1164 Ipsa
866 1093 991 1150 solitudo

90 1191 192 1244 natura
209 1203 323 1260 quoque
336 1184 459 1242 immitia
472 1182 600 1241 efferavit
613 1182 746 1255 ingenia:
760 1181 926 1254 prominent
937 1200 992 1238 un-

90 1294 160 1350 gues
182 1293 328 1349 nunquam
353 1274 447 1345 recisi,
472 1289 560 1331 coma
574 1271 693 1328 hirsutae
714 1275 744 1328 et
767 1271 888 1331 intonsae
911 1275 989 1328 sunt.

89 1363 140 1439 [10]
153 1366 279 1438 Tuguria
298 1363 413 1422 conchis
432 1367 462 1421 et
475 1363 578 1421 ceteris
592 1360 791 1434 purgamentis
800 1363 823 1398 ¹⁸
836 1361 925 1418 maris
946 1360 991 1416 in-

90 1457 215 1510 struunt.
234 1455 371 1511 Ferarum
383 1455 506 1526 pellibus
520 1453 599 1522 tecti,
612 1452 738 1525 piscibus
750 1454 810 1510 sole
828 1453 947 1521 duratis,
962 1457 992 1509 et

90 1541 231 1613 maj0rnm
254 1559 367 1614 quoque
387 1543 547 1612 beluarum,
573 1559 645 1614 quas
664 1543 768 1599 ductus
788 1541 882 1616 ejecit,
906 1559 990 1600 carne

91 1636 254 1686 vescuntur.
341 1675 342 1678 ,
574 1671 584 1678 .

125 1720 176 1793 [11]
197 1719 380 1791 Consumptis
410 1719 499 1792 igitur
523 1719 677 1782 alimentis,
699 1719 867 1775 Macedones
897 1721 990 1791 primo

90 1808 225 1880 inopiam,
250 1806 350 1863 deinde
371 1807 406 1863 ad
422 1808 555 1863 ultimum
571 1808 687 1876 famem,
703 1806 811 1862 sentire
833 1813 989 1877 coeperunt,

88 1898 199 1955 radices
223 1898 384 1969 palmarum
406 1926 439 1935 —
465 1913 590 1969 namque
613 1896 674 1951 sola
701 1912 736 1951 ea
760 1895 878 1950 arbor¹⁴
896 1895 990 1967 gigni-

88 1992 167 2045 tur¹i
183 2018 214 2027 -
229 1985 334 2057 ubique
347 1986 495 2043 rimantes.
514 1986 566 2059 [lt]
582 1986 650 2054 Sed,
666 2000 731 2040 eum
744 1985 804 2039 haec
814 2000 927 2057 qnoque
940 1985 991 2040 ali-

90 2079 186 2131 menta
209 2074 380 2142 deiecerant,
402 2073 533 2147 jumenta
554 2074 662 2129 caedere
688 2072 829 2145 aggressi,
846 2090 882 2129 ne
910 2072 991 2145 equis

88 2166 204 2238 quidem
218 2163 419 2220 abstinebant:
439 2167 477 2234 et,
492 2180 557 2220 cum
570 2164 704 2218 deessent
723 2178 786 2234 quae
803 2163 930 2217 sarcinas
943 2180 991 2218 ve-

87 2255 200 2323 herent,
215 2252 305 2325 spolia
319 2254 353 2309 de
364 2258 387 2291 ¹⁶
399 2254 538 2325 hostibus,
547 2255 666 2325 propter
678 2268 742 2321 quae
757 2250 857 2305 ultima
866 2251 990 2307 Orientis

87 2345 321 2415 peragraverant,
336 2344 500 2400 cremabant
514 2341 656 2397 incendio.

125 2432 176 2503 [13]
189 2432 304 2487 Famem
318 2429 418 2486 deinde
432 2430 596 2503 pestilentia
608 2432 705 2484 secuta
718 2433 776 2498 est,
793 2430 896 2501 quippe
911 2432 990 2487 insa-

88 2520 216 2574 lubrium
240 2520 369 2575 ciborum
394 2519 588 2589 novi¹⁷'suci,
607 2520 711 2574 adhoc
733 2519 843 2577 itineris
858 2522 939 2577 labor
963 2527 991 2578 et

87 2608 231 2681 aegritudo
259 2608 357 2678 animi,
378 2610 565 2681 vulgaverant
591 2609 722 2677 morbos3
749 2613 779 2666 et
803 2628 855 2668 nec
874 2628 990 2667 manere

88 2700 153 2757 sine
179 2697 258 2753 clade
285 2713 336 2753 nec
364 2698 498 2770 progredi
526 2701 689 2769 poterant:
719 2702 868 2756 manentes
888 2701 989 2766 fames,

86 2922 153 2965 nan.
167 2927 186 2964 o.
201 2942 226 2950 -
242 2925 261 2964 9.
279 2921 438 2966 armaturam,
460 2928 509 2972 roy.
567 2916 990 2972 leslndisnslehtyophagoe.-sepse

87 2986 154 3027 Rene.
166 2987 191 3026 44
205 2988 226 3025 et
234 2982 293 3024 Diot.
306 2980 365 3023 ilict.
377 3002 404 3012 -
415 2987 512 3034 topra-
566 2983 688 3038 paersentia,
700 2993 748 3035 vop.
758 2982 862 3025 dicandi.
870 3004 897 3011 -
910 2986 940 3025 11.
950 2993 989 3022 ar-
1070 3028 1073 3031 ⁴

87 3047 183 3100 drosos.
191 3040 513 3095 Rern.4a·-1r.nrtcm,e'est
567 3044 989 3101 eer,voy.ltem.roa.-rs.pipniaor,

85 3105 513 3162 Ateaaadrtaonromlemplaeenent
567 3106 666 3163 supplies
676 3106 754 3155 ibi.,-
765 3111 798 3149 tc.
810 3106 888 3160 spotia
894 3107 928 3160 ds,
940 3104 996 3161 voyj

87 3169 139 3211 n'en
151 3174 183 3211 est
192 3182 230 3223 pas
241 3172 285 3214 sur.
294 3194 319 3202 -
331 3176 362 3213 12.
371 3170 512 3220 mordicans,
569 3170 630 3211 timu.
644 3174 723 3214 1911-
733 3169 833 3222 timont,
846 3167 949 3223 ausqueIs
960 3166 989 3209 ils
