2317 3500
76 92 145 179 [emt
158 88 228 162 aaa]
460 93 552 137 traua
572 96 642 138 vur.
977 88 1033 159 233

81 225 115 300 [nl
130 222 165 277 m
184 215 235 272 illa
260 228 404 289 purgare
420 225 461 279 se,
477 210 562 281 quod,
578 225 640 280 quae
663 206 748 262 utilia
763 218 829 261 esse
845 213 997 272 censebat
1006 224 1027 290 a,

82 303 261 371 muliebriter
286 303 427 368 forsitan,
455 299 504 355 sed
528 298 585 353 fida
611 303 707 354 tamen
732 297 833 350 mente
848 299 1025 361 suasisset:

86 425 101 457 «
120 401 157 454 de
178 396 278 451 cetero
302 395 436 450 suturam
455 388 484 444 in
499 388 553 445 viri
571 391 721 459 potestate.
740 405 755 437 u
772 382 807 455 [8]
822 382 1025 467 Spitamenes,

87 486 221 550 simulato
243 491 350 557 captus
366 479 516 552 obsequio,
531 480 565 535 de
578 478 623 534 die
636 474 803 533 convivium
819 481 962 542 apparari
975 482 1026 555 ju.

86 581 153 647 bet,
166 572 291 645 vinoque
303 579 332 631 et
343 570 439 646 epulis
451 570 547 642 gravis
558 571 588 623 et
597 567 793 623 semisomnus
805 559 835 614 in
846 562 1024 629 cubiculum

91 671 195 728 fertur.
214 661 250 735 [9]
268 663 361 729 Quem
378 666 413 717 ut
430 661 487 716 alto
508 663 537 715 et
560 657 641 729 gravi
667 667 771 711 somno
798 646 931 719 sopitum
954 675 1024 721 ess,

94 752 187 817 sensit
200 767 281 825 uxor,
297 751 437 826 gladium,
458 765 544 822 quem
556 751 635 803 veste
658 738 863 804 occultaverat,
880 742 1022 823 stringit,

95 848 240 918 caputque
267 843 329 916 ejus
347 839 502 907 abscisum,
533 849 634 892 eruore
663 844 810 903 respersa,
841 840 929 887 servo
965 854 1021 900 suo

96 931 212 994 conscio
232 930 366 987 facinoris
390 930 487 986 tradit.
516 926 568 999 [10]
591 924 698 980 Eodem
725 915 894 982 comitante,
927 924 1019 989 sicuti

98 1025 178 1083 erat⁹
193 1023 310 1076 cruente
323 1021 412 1087 veste,
428 1018 458 1072 in
473 1014 660 1071 Macedonum
675 1012 770 1065 castra
781 1003 926 1076 pervenit,
939 1028 1018 1075 nun.

97 1113 225 1183 tiarique
250 1108 407 1165 Alexandro
431 1105 513 1182 jubet
539 1119 602 1159 esse
623 1115 687 1173 quae
709 1114 743 1154 ex
770 1094 867 1164 ipsa¹⁰
893 1096 1016 1167 deberet

100 1213 265 1275 agnoscere.

138 1287 190 1360 [11]
211 1284 261 1341 llle
283 1282 414 1355 protinus
437 1282 590 1337 barbaram
612 1275 698 1351 jussit
722 1265 849 1331 admitti.
866 1268 963 1337 Quam
979 1290 1011 1343 ut

101 1390 262 1449 respersam
274 1389 374 1429 cruore
388 1369 543 1444 conspexit,
563 1370 646 1423 ratus
663 1367 698 1421 ad
718 1358 927 1434 deplorandam
942 1388 1007 1430 eon.

102 1463 250 1522 tumeliam
274 1462 396 1526 venisse,
418 1460 510 1516 dicere
536 1473 598 1529 quae
620 1454 707 1511 vellet
718 1451 812 1527 jubet.
830 1444 882 1521 [12]
907 1458 944 1516 Αι
958 1463 1006 1521 5113

103 1569 228 1621 servum,
244 1567 328 1622 quem
343 1548 521 1605 investibulo
543 1550 621 1601 stare
639 1542 775 1615 jusserat,
800 1536 942 1603 introduci
957 1553 1004 1609 de.

102 1640 247 1699 sideravit.
266 1641 331 1705 Qui,
351 1638 419 1710 quia
431 1640 517 1709 eaput
531 1632 705 1706 Spitamenis
725 1632 805 1687 veste
825 1628 933 1691 tectum
953 1640 1001 1697 ha.

103 1732 197 1796 bebat,
215 1733 373 1801 suspectus,
394 1724 589 1783 scrutantibus
615 1720 683 1794 quid
703 1717 846 1778 occuleret
866 1724 999 1785 ostendit,

104 1821 157 1895 [13]
173 1817 348 1876 Confuderat
359 1823 380 1853 ¹¹
394 1818 452 1873 oris
465 1812 617 1884 exsanguis
631 1813 712 1866 notas
723 1809 745 1841 ¹²
755 1806 855 1880 pallor,
870 1825 922 1868 nee
936 1819 1000 1888 quis

101 1912 178 1967 esset
191 1905 270 1963 nosci
282 1906 352 1962 satis
366 1906 486 1978 poterat.
501 1903 578 1974 Ergo
594 1917 652 1970 rex,
667 1899 773 1956 certior
789 1896 879 1954 tactus
902 1901 999 1962 huma.

100 2014 172 2056 num
196 1997 280 2065 caput
304 1994 413 2050 adferre
436 2009 512 2058 eum,
533 1990 715 2046 tabernaculo
731 1985 865 2058 excessit3
879 2006 998 2060 percon.

99 2092 235 2158 tutusque
251 2081 319 2155 quid
333 2081 432 2151 misit,
448 2081 497 2136 illo
512 2079 672 2151 profitente,
690 2075 848 2150 cognoscit.
866 2077 919 2153 [lt]
940 2082 998 2140 Va.

99 2177 152 2234 riae
165 2173 232 2230 binc
246 2170 434 2242 cogitationes
446 2169 567 2226 invicem
580 2168 707 2224 animum
717 2165 829 2223 diversa
841 2167 996 2240 agitantem

101 2261 321 2318 commoverant.
338 2257 472 2314 Meritum
490 2257 592 2328 ingens
615 2255 752 2311 insemel
773 2269 835 2311 esse
854 2260 994 2330 credebat,

102 2350 180 2420 quod
199 2347 348 2416 transfuga
369 2350 397 2401 et
419 2345 558 2417 proditor,
579 2344 667 2400 tantis
682 2349 705 2381 ¹³
718 2344 813 2411 rebuS,
831 2345 854 2400 si
868 2347 994 2421 vixisset,

100 2436 261 2510 injecturus
275 2451 394 2501 moram,
411 2434 575 2492 interiectus
593 2440 668 2492 esset
683 2456 689 2492 ε
712 2439 812 2492 contra
826 2437 933 2495 lacinus
948 2439 994 2494 in·

101 2541 176 2600 gens
196 2523 390 2594 aversabatur,
408 2539 472 2579 eum
487 2525 592 2596 optime
608 2526 773 2582 meritum¹⁴
784 2527 818 2582 de
831 2526 901 2599 ipsa,
918 2544 994 2582 corn·

104 2616 239 2672 munium
250 2614 397 2684 parentem
420 2611 549 2682 liberum,
571 2630 623 2684 per
649 2613 765 2671 insidias
793 2615 991 2671 interemisset.

100 2864 128 2874 -
141 2847 160 2886 u.
177 2838 288 2890 censebat,
300 2847 350 2891 voy.
362 2834 425 2876 neo.
441 2838 485 2876 1³9.
496 2856 523 2864 -
573 2839 612 2879 rot
626 2835 727 2892 equivaut
742 2837 753 2878 t
775 2837 878 2890 effecerat
894 2841 921 2878 ct
936 2849 991 2880 eoe-

99 2911 121 2950 9.
137 2903 208 2947 decta·
217 2906 274 2950 eret,
288 2905 388 2943 tournure
399 2894 517 2950 trequente3
573 2898 735 2949 funderentur.
746 2921 772 2928 —
788 2905 819 2941 12.
831 2901 990 2951 nataae-td,
1045 2933 1050 2944 ,

101 2963 230 3007 commealle
240 2962 299 3016 etalt,
307 2957 522 3005 avecsarobeencore
573 2961 712 3003 lineamenta
728 2959 784 3012 orta,
801 2959 831 3002 les
841 2959 908 3005 traits.
920 2987 947 2994 —
959 2970 991 3009 1³.

100 3027 259 3080 cnsauglantto.
267 3051 293 3060 -
300 3034 331 3071 lo.
339 3024 438 3077 wipsa,
448 3020 522 3063 e.·t-d.
573 3023 698 3073 taveliesca
708 3019 825 3074 expedition
835 3021 992 3068 densitudo.-

100 3091 180 3144 tpu‘ea
194 3092 309 3150 adspectu.
319 3112 346 3122 -
364 3095 396 3135 1¹.
413 3084 523 3138 conrade
575 3088 608 3128 14.
623 3083 742 3139 meritam,
758 3083 856 3146 suppltez
867 3085 953 3129 vinca.
965 3109 992 3119 -
