2317 3500
144 166 201 220 356
472 177 501 228 o.
526 163 621 220 'curru
644 175 717 218 aurr
802 153 880 236 [mv.
902 153 1074 237 aaa-325]

145 291 222 346 tione
236 293 403 362 corruptum
411 296 433 328 ¹2
454 294 525 358 erat,
544 289 671 346 confusis
685 288 835 360 utriusque
848 285 946 360 gentis
961 287 1069 357 vitiis,

146 378 174 432 in
190 378 238 433 illo
258 377 387 434 convivio
408 379 571 434 ostendens.

182 467 232 540 [lo]
255 467 396 526 Intererat
413 468 505 540 epulis
519 468 674 539 Dioxippus
689 466 880 533 Atheniensis,
901 467 989 539 pugil
1008 483 1070 523 no-

145 556 222 622 bilis,
244 561 271 613 et
288 558 323 613 ob
345 557 476 613 eximiam
494 556 659 613 virtutem¹⁵
675 556 780 611 virium
800 555 887 611 etiam
906 555 973 627 regi
991 572 1070 626 per-

145 648 231 700 notus
245 649 274 701 et
285 643 493 717 gratuslnvidi
510 644 686 716 malignique
701 644 896 715 increpabant,
913 645 1067 713 persenia

146 735 175 788 et
191 733 300 802 ludum,
325 733 448 804 saginati
468 732 596 803 corporis
611 732 692 804 sequi
700 737 723 768 ¹⁴
736 731 867 787 inutilem
882 731 1040 787 beluam¹⁵
1056 753 1063 786 :

146 838 211 876 cum
236 822 288 894 ipsi
315 822 446 893 proelium
467 819 588 890 inirent,
610 822 672 877 oleo
694 820 855 876 madentem
889 836 1065 892 praeparare

146 913 276 966 ventrem
295 910 395 981 epulis.
413 910 464 982 [17]
484 911 590 964 Eadem
608 908 699 981 igitur
714 909 744 964 in
760 907 890 965 convivio
910 908 1064 965 Horratas

148 999 273 1067 Macedo,
285 999 345 1071 jam
359 999 544 1068 temulentae,
561 999 732 1068 exprobrare
752 997 777 1053 ei
799 997 892 1068 coepit,
907 1001 938 1052 et
952 1004 1065 1069 postu-

148 1089 207 1144 lare
222 1092 264 1155 ut,
278 1087 303 1143 si
316 1087 361 1143 vir
375 1092 459 1159 esset,
475 1090 590 1160 postero
602 1087 647 1142 die
662 1104 760 1143 secum
772 1087 848 1142 terro
861 1087 1061 1144 decerneret:

149 1197 162 1230 u
170 1193 268 1248 regem
279 1177 393 1233 tandem
402 1177 446 1232 vel
457 1177 492 1231 de
504 1192 557 1232 sua
567 1176 739 1243 temeritate,
748 1177 792 1231 vel
803 1176 837 1230 de
848 1175 926 1230 illius
937 1175 1064 1248 ignaria

146 1266 349 1338 Judicaturum.
362 1285 376 1318 u
392 1265 443 1336 [18]
454 1265 490 1320 Et
502 1282 519 1320 a
531 1265 679 1336 Dioxippo,
692 1265 877 1336 contemptim
895 1265 1063 1323 militarem

148 1353 308 1408 eludente16
326 1353 470 1422 ferociam,
486 1358 601 1424 accepta
619 1353 775 1410 condicio¹⁷
795 1357 860 1408 est:
877 1369 920 1421 ac,
936 1360 1064 1425 postero

150 1443 204 1512 die,
226 1458 285 1508 rex,
308 1457 373 1496 cum
393 1441 479 1498 etiam
502 1441 596 1498 acrius
614 1447 758 1500 certamen
774 1446 972 1514 exposcerent,
988 1446 1065 1516 quia

149 1530 292 1586 deterrere
304 1546 362 1585 non
375 1533 497 1601 poterat,
514 1531 656 1587 destinata
670 1531 783 1603 exsequi
798 1547 900 1602 passus
915 1535 972 1587 est.
1136 1520 1137 1525 ἵ

185 1620 236 1691 [19]
268 1617 373 1690 Ingens
400 1619 444 1674 vis
472 1619 607 1688 militum,
632 1622 707 1676 inter
738 1635 811 1691 quos
837 1622 922 1674 erant
951 1619 1061 1691 Graeci,
1136 1598 1137 1689 l

150 1708 285 1781 Dioxippo
309 1709 470 1765 studebant.
500 1709 614 1765 Macedo
636 1708 743 1780 justa¹⁸
773 1725 854 1765 arma
877 1717 1061 1784 sumpserat,
1136 1700 1137 1723 ¹

150 1815 256 1854 aereum
276 1796 407 1869 clipeum,
428 1798 549 1865 hastam,
572 1814 658 1868 quam
682 1797 819 1852 sarissam
843 1801 958 1865 vocant,
987 1800 1064 1855 laeva

151 1892 262 1955 tenens,
283 1888 398 1943 dextera
413 1888 548 1955 lanceam,
562 1886 744 1958 gladioque¹⁹
758 1886 878 1953 cinctus,
892 1888 976 1942 velut
991 1905 1062 1944 cum

113 1980 115 1983 ’
150 1976 280 2046 pluribus
299 1968 385 2031 simul
405 1974 602 2030 dimicaturus.
617 1974 668 2046 [20]
684 1974 850 2045 DioxippuS,
873 1974 937 2030 oleo
959 1976 1062 2033 nitens
1136 2007 1137 2014 ,

152 2068 180 2120 et
192 2067 354 2131 coronatus,
365 2064 435 2119 laeva
449 2062 630 2133 puniceum²⁰
641 2061 804 2130 amiculum,
818 2062 918 2117 dextra
926 2064 1061 2120 validum

152 2154 349 2224 nodosumque
364 2150 502 2222 stipitem,
521 2150 698 2221 praelerebat.
715 2150 755 2204 Ea
780 2150 841 2221 ipsa
863 2166 910 2205 res
924 2151 1060 2207 omnium

153 2240 263 2296 animos
281 2239 487 2310 exspectatione
503 2238 712 2307 suspenderat:
734 2237 837 2309 quippe
856 2242 968 2295 armato
989 2255 1060 2294 oon-

153 2328 231 2396 gredi
261 2327 410 2396 nudumffl,
441 2325 593 2389 dementia,
628 2342 684 2380 nori
714 2325 862 2380 temeritas
891 2326 1056 2383 ridebatur.

154 2414 204 2484 [21]
226 2413 317 2483 igitur
336 2416 459 2483 Macedo,
482 2415 557 2468 haud
575 2413 678 2468 dubius
698 2413 810 2467 eminus
824 2413 946 2468 interfici
959 2431 1056 2484 posse,

153 2502 279 2557 lanceam
304 2501 417 2568 emisit,
444 2518 529 2572 quarn
548 2502 700 2572 Dioxippus
719 2518 784 2555 cum
805 2501 908 2572 exigua
926 2506 1057 2573 corporis

154 2734 186 2769 12.
208 2724 319 2779 quicquid
337 2728 482 2777 corruptum,
506 2727 575 2765 tentes
629 2723 680 2766 c'cst
694 2723 713 2765 le
724 2722 781 2778 quet
797 2723 822 2764 de
834 2722 908 2775 ecqui.
919 2746 946 2755 —-
960 2731 992 2768 lo.
1009 2727 1057 2768 clu-

153 2788 184 2829 los
202 2784 324 2829 alterations
344 2785 455 2838 apportees
480 2783 500 2835 (a
523 2784 575 2825 l'an-
629 2785 1058 2841 dmtc,railler.-·17.oondicio,pro·

153 2848 226 2890 cienne
247 2845 368 2901 simplicite)
383 2858 420 2899 par
441 2845 471 2885 les
492 2845 573 2895 Persea,
629 2845 766 2887 vocatiou-
781 2853 812 2890 18.
821 2845 895 2899 justa,
912 2846 940 2889 ct.
957 2847 996 2901 Ν,
1012 2860 1056 2900 rrv,

153 2910 227 2951 c.-t-d.
243 2913 291 2949 tous
307 2907 337 2948 les
349 2907 492 2948 rallinemcuts
508 2905 575 2946 intro·
629 2913 649 2949 5.
666 2931 693 2938 —
708 2916 740 2952 19.
757 2908 883 2959 clipeum...
895 2908 985 2962 qlodio.
1000 2910 1057 2953 Pour

154 2970 211 3011 duits
225 2982 269 3023 par.
287 2992 313 2999 —
335 2974 365 3011 13.
382 2969 464 3018 virtus,
481 2968 532 3008 daus
556 2968 574 3009 le
629 2972 719 3011 tousces
730 2974 794 3022 mots,
807 2980 856 3023 roy.
874 2970 934 3011 Diei.
955 2971 1016 3012 Hier.
1032 2995 1057 3002 -

154 3040 203 3069 sens
213 3030 238 3070 de
253 3027 396 3081 «superiorite'
407 3042 426 3078 a,
440 3033 471 3068 est
482 3038 534 3068 rare.
548 3050 575 3057 —
629 3037 662 3073 20.
672 3031 807 3083 puniceum,
821 3042 868 3083 roy.
881 3030 944 3071 Rem,
958 3038 984 3074 28
1000 3032 1021 3073 b.
1032 3057 1058 3063 -

157 3093 188 3129 re.
204 3088 275 3138 acqui,
291 3088 389 3140 suppliez
407 3088 575 3129 cccccccccc.-
629 3100 662 3135 21.
675 3094 774 3142 laudum,
786 3098 950 3145 commeratae„
963 3092 1057 3146 exprime

157 3151 188 3191 u.
203 3148 301 3195 beluam,
319 3160 359 3189 une
374 3149 434 3191 bruta
447 3147 573 3203 (Dioxippe),
630 3157 639 3191 a
657 3157 674 3194 u
688 3155 729 3195 [cis
743 3153 805 3195 t'ide'e
823 3153 848 3195 de
867 3165 901 3195 nu
918 3157 941 3194 et
960 3154 987 3195 de
998 3167 1056 3197 eoru
