2317 3500
102 85 220 170 [annm.
237 85 306 172 329]
460 105 555 152 crans
574 107 633 150 vu.
938 97 994 154 2117

102 333 153 382 bles
143 347 213 382 sure
229 332 264 382 du
275 347 312 382 ror
305 331 386 383 dans
397 346 432 382 uu
445 333 545 383 combat
562 336 650 383 contre
663 333 701 383 ies
714 335 893 396 montagnards
902 336 996 388 voisins

130 404 183 453 del
186 406 290 455 tcxsrte
298 403 432 454 Revoiteet
441 403 630 454 chetimentdes
638 405 766 456 Bactriens
778 410 803 456 et
810 406 856 457 des
863 407 996 473 Sogdrens

130 475 266 526 Fondation
276 475 446 528 d’Alemndrie
458 475 489 526 de
506 476 627 526 l’iexarte.

135 613 183 670 Vl.
199 615 233 688 [1]
252 613 362 672 Interea
383 616 559 686 Macedones
583 619 619 673 ad
635 620 789 690 petendum
807 619 942 691 pabulum
956 620 997 676 in-

102 704 255 777 composito
272 705 385 778 agmine
404 705 522 780 egressi,
538 724 555 763 a
574 707 714 779 barbaris,
733 708 781 782 qui
801 709 835 764 de
857 709 997 781 proximis

103 794 246 850 montibus
279 795 475 865 decurrerunt,
500 795 715 868 opprimuntur,
744 798 898 870 pluresque
923 802 997 870 capti

102 888 169 940 sunt
182 900 267 955 quam
291 884 396 940 occisi:
416 886 450 959 [2]
473 885 588 940 barbari
610 889 715 957 autem,
731 887 860 959 captivos
884 904 941 960 prae
967 903 997 944 se

102 977 227 1046 agentes,
262 989 364 1030 rursus
400 973 429 1028 in
464 977 591 1030 montem
618 977 809 1032 recesserunt.
837 993 874 1032 xx
908 976 998 1033 millia

100 1065 243 1120 latronum
260 1065 360 1118 erant:
377 1061 472 1119 runcis
495 1063 667 1137 sagittisque
688 1081 813 1137 pugnam
828 1064 996 1124 invadunt¹.

102 1151 135 1224 [3]
148 1152 225 1220 Quos
240 1153 308 1206 dum
323 1151 432 1207 obsidet
446 1167 504 1220 rex,
514 1151 589 1208 inter
604 1152 835 1226 promptissimos
848 1153 997 1221 dimicans,

101 1242 206 1315 sagitta
217 1240 290 1297 ictus
297 1243 350 1310 est,
366 1257 439 1312 quae,
450 1240 478 1296 in
495 1242 587 1298 medio
603 1259 685 1299 crure
700 1243 765 1314 fixa,
778 1235 933 1317 reliquerat
943 1244 998 1315 spi·

103 1329 224 1386 culum’.
237 1329 271 1404 [b]
286 1329 370 1386 Illum
385 1330 500 1403 quidem
515 1331 607 1387 maesti
622 1335 652 1387 et
661 1332 774 1388 attoniti
788 1332 954 1390 Macedones
968 1332 998 1388 in

102 1424 193 1476 castra
203 1419 364 1475 referebant
377 1437 384 1472 :
397 1419 447 1475 sed
462 1423 531 1475 neci
551 1420 688 1477 barbaros
707 1420 809 1478 refellit
825 1423 999 1478 subductus⁴

103 1525 134 1564 ex
147 1507 215 1576 acie,
231 1507 332 1579 quippe
344 1524 377 1562 ex
389 1507 464 1564 edito
480 1513 576 1565 monte
589 1513 691 1566 cuncta
704 1510 916 1583 prospexerant.

138 1595 172 1669 [5]
196 1593 294 1666 ltaque
307 1598 420 1667 postero
436 1595 479 1652 die
494 1597 598 1654 misere
609 1597 721 1670 legatos
736 1599 772 1655 ad
787 1616 893 1671 regem.
919 1599 997 1665 Quos

102 1683 151 1740 ilie
165 1682 295 1756 protinus
314 1681 401 1757 jussit
423 1683 543 1756 admitti,
559 1685 720 1760 solutisque
733 1686 838 1757 fasciis,
853 1686 998 1759 magnitu-

102 1774 197 1828 dinem
225 1770 351 1829 vulneris
378 1770 577 1845 dissimulans,
607 1792 673 1831 crus
699 1776 829 1833 barbaris
861 1776 996 1832 ostendit.

102 1863 136 1936 [6]
150 1861 202 1933 iili,
211 1860 284 1935 jussi
298 1860 455 1930 considere,
467 1862 627 1934 adfirmant,
639 1881 720 1921 cnon
732 1864 898 1921 Macedones
911 1879 998 1937 quam

102 1952 179 2023 ipsos
196 1948 337 2005 tristiores
360 1948 457 2018 inisse,
475 1951 588 2023 cognito
602 1952 739 2008 vulnere⁸
751 1952 858 2025 ipsius3
874 1951 955 2023 cujus
973 1950 997 2006 si

101 2043 244 2095 auctorem
272 2037 474 2111 repperissent,
499 2041 648 2098 dedituros
673 2042 779 2098 inisse:
809 2040 844 2115 [7]
866 2057 931 2096 cum
954 2038 999 2095 dis

100 2129 178 2186 enim
193 2142 321 2200 pugnare
335 2127 488 2200 sacrilegos
509 2132 632 2188 tantum.
648 2129 781 2187 Ceterum
795 2133 955 2202 segentem
968 2128 996 2185 in

100 2216 185 2274 fidem
199 2218 311 2286 dedere,
326 2222 475 2289 superatos
488 2218 595 2276 virtute
610 2218 722 2275 illius.»
738 2218 806 2289 Rex,
821 2218 876 2274 fide
889 2218 956 2275 data
969 2221 998 2274 et

102 2306 221 2377 captivis
233 2306 364 2378 receptis,
377 2310 493 2379 gentem
505 2307 534 2363 in
548 2306 723 2364 deditionem
739 2308 856 2381 accepit.

137 2395 171 2467 [8]
192 2395 300 2452 Castris
313 2394 377 2451 inde
390 2396 485 2462 motis,
503 2396 603 2453 lectica
617 2396 733 2454 militari
746 2399 898 2469 serebatur,
911 2416 997 2472 quam

100 2499 153 2556 pro
166 2499 197 2539 se
209 2483 339 2556 quisque,
352 2502 439 2558 eques
454 2487 606 2560 pedesque,
615 2486 710 2543 subire
724 2491 870 2546 certabant
879 2494 899 2542 θ.
911 2490 998 2562 Equi-

101 2578 156 2643 tes,
168 2590 232 2629 eum
244 2572 365 2645 quibus*
378 2590 426 2629 rex
442 2575 539 2647 proelia
550 2575 624 2631 inire
638 2576 739 2634 solitus
754 2583 825 2649 erat,
841 2579 886 2636 sui
897 2595 999 2635 mune-

100 2664 141 2721 ris
160 2663 189 2720 id
203 2679 266 2719 esse
282 2663 450 2721 censebant:
466 2662 576 2731 pedites
591 2669 700 2735 eontra,
714 2685 778 2723 cum
794 2666 905 2725 saucios
924 2682 999 2721 oom-

128 2848 166 2911 VI,
182 2856 200 2893 Ι.
215 2849 339 2903 incedunt,
358 2848 456 2906 pottique
470 2860 524 2905 pour
576 2858 640 2896 -o.
656 2851 783 2902 certabant,
803 2860 851 2903 vop.
870 2849 933 2891 non.
954 2855 997 2894 11³.

99 2902 225 2956 mcobt-
234 2914 394 2966 septenium,
404 2913 522 2968 reputet.
576 2921 639 2959 -⁷.
659 2912 820 2966 competitus,
838 2910 999 2956 tlatttedes-
1062 2913 1067 2923 ¹

101 2975 200 3018 Hiat-
213 2982 292 3030 twncc
301 2989 350 3033 roy.
360 2978 424 3021 Rem.
440 2982 484 3021 itt.
496 2999 524 3009 -
577 2978 665 3033 queis.
680 2978 697 3019 ΙΙ
716 2974 780 3028 s’agit
795 2986 823 3017 ou
845 2974 884 3018 des
901 2974 998 3019 Httaims

100 3038 214 3088 trerctttt
222 3040 354 3091 scoacum,
365 3038 523 3084 belltnisme.-
577 3052 605 3083 ou
628 3040 667 3082 des
689 3036 841 3093 Ηγριερίιως
859 3048 907 3093 roy.
924 3039 998 3083 emim

103 3103 125 3141 ⁵.
134 3101 225 3154 cognito
232 3100 335 3156 mmm,
346 3114 395 3159 vop.
406 3102 470 3146 Rern.
478 3108 522 3147 ¹28.
579 3107 602 3145 et
611 3101 734 3157 cunipert,
744 3100 799 3145 dans
809 3100 830 3146 le
841 3102 998 3147 Dictile'ct-
