2317 3500
116 140 153 181 ne
169 118 211 176 ab
225 109 327 167 amicis
340 115 460 186 quidem
471 112 632 184 separabis
654 115 745 174 illos
770 122 823 193 qui
848 125 900 187 ide

901 143 966 192 m⁴¹
985 159 1051 200 esse
1064 162 1112 202 vc-

118 201 254 266 luerunt·

159 287 243 365 «[31]
265 285 351 352 Quod
369 290 462 364 igitur
486 291 699 351 conscientiae
721 298 865 357 adfertur
886 307 1051 375 indicium?
1068 322 1106 376 Ur

125 385 243 458 opinor,
266 374 335 446 quia
346 378 442 447 pridie
450 384 475 418 ⁴¹
490 379 700 439 familiariter
715 388 752 441 et
768 386 833 443 sine
848 395 975 460 arbitris
989 407 1102 466 locutus

128 476 172 530 est
193 460 359 524 nobiscum!
390 467 430 524 At
455 484 509 541 ego
532 486 684 542 purgare
714 490 783 530 non
804 493 939 559 possem,
960 495 984 550 si
1006 497 1099 568 pridie

130 559 285 635 quicquam
301 567 334 606 ex
348 557 451 613 vetere
461 558 520 613 vita
531 573 565 612 ac
579 575 680 618 more
711 567 895 628 mutassem.
913 578 996 639 Nunc
1015 602 1090 656 vero,

131 651 166 715 si,
186 647 221 702 ut
243 639 377 697 omnibus
399 643 513 714 diebus,
540 645 595 703 illo
616 665 766 725 quoque,
788 656 837 727 qui
860 676 1013 738 suspectus
1035 680 1088 746 est,

133 736 264 793 fecimus,
279 733 463 789 consuetudo
488 733 582 792 diluet
601 737 743 796 crimen.
769 741 822 814 [32]
844 746 906 807 Sed
929 772 1019 829 equos
1032 763 1089 818 An.

134 817 245 896 tiphani
258 830 314 870 non
335 816 488 890 dedimus,
504 825 542 886 et,
560 824 666 893 pridie
684 846 780 900 quam
801 831 934 896 Philotas
954 847 1094 908 detectus

135 910 266 978 estham
284 902 355 958 mihi
378 921 449 964 cnm
470 909 643 980 Antiphane
665 931 720 969 res
740 917 815 967 erati
831 923 883 987 qui
905 929 930 980 si
951 949 1007 990 nus
1031 952 1085 993 su-

136 1001 248 1074 spectos
265 993 357 1048 facere
373 996 452 1064 vult,
470 998 547 1072 quod
562 997 618 1052 illo
635 999 689 1054 die
706 1013 796 1069 equos
818 1019 877 1060 non
898 1011 1078 1094 dederimus,

137 1085 331 1156 semetipsum,
343 1085 427 1150 quod
438 1103 488 1142 ees
503 1084 735 1153 desideraverit,
747 1103 872 1161 purgare
881 1111 938 1152 non
952 1110 1074 1172 poterit.

139 1180 190 1251 [33]
213 1177 323 1239 Anceps
331 1171 356 1204 ⁴³
376 1171 460 1228 enim
479 1171 590 1228 crimen
608 1175 658 1226 est
678 1172 758 1230 inter
777 1177 948 1242 retinentem
963 1194 993 1245 et
1010 1197 1076 1250 exi-

138 1267 255 1336 gentem
270 1274 277 1310 ε
293 1251 349 1308 nisi
367 1260 451 1326 quod
465 1255 569 1314 melior
584 1259 633 1312 est
648 1273 742 1317 causa
753 1278 838 1322 suum
851 1284 909 1327 non
923 1276 1071 1337 tradentis

139 1367 225 1422 quam
238 1339 384 1418 poscentis
398 1344 538 1401 alienum.
567 1361 569 1364 ·

176 1433 254 1512 «[3t]
268 1429 416 1495 Ceterum,
433 1449 493 1497 rex,
509 1444 602 1500 equos
615 1432 719 1490 decem
732 1436 820 1496 habui
836 1462 873 1500 :e
890 1446 996 1520 quibus
1007 1456 1068 1516 An-

139 1526 274 1596 tiphanes
293 1519 356 1572 octo
372 1516 436 1589 jem
460 1515 650 1576 distribuerat
677 1507 713 1579 ds
733 1527 782 1597 qui
801 1531 959 1595 amiserant
982 1561 1062 1622 suos,

141 1629 208 1670 omn
213 1617 262 1671 1110
279 1607 352 1661 duos
364 1604 429 1676 ipse
442 1605 616 1664 hahebam⁴⁴
631 1630 639 1664 ε
656 1627 807 1682 quoscum
821 1621 908 1680 vellet
920 1628 1062 1695 abducere

140 1701 228 1761 homo
244 1693 484 1768 superbissimus,
504 1695 581 1750 certe
600 1694 813 1776 iniquissimus,
834 1708 891 1765 nisi
906 1717 993 1783 pedes
1007 1726 1064 1782 mi·
1094 1786 1096 1789 ,

141 1788 226 1849 litare
241 1784 357 1852 vellem,
372 1785 498 1839 retinere
511 1782 644 1853 cogebar.
657 1786 710 1859 [35]
723 1789 781 1847 Nec
795 1792 904 1854 infitias
921 1819 955 1859 ec
975 1809 1061 1871 liberi

133 1876 273 1937 ,hminis
292 1869 389 1926 animo
414 1872 543 1926 locutum
561 1884 623 1925 esse
644 1889 690 1929 me
710 1892 779 1962 cum
805 1880 1004 1966 ignavissimo,
1029 1909 1060 1959 et

141 1960 197 2021 1100
211 1960 337 2022 ,mum⁴⁵
354 1956 465 2011 militiae
485 1954 533 2026 jus
548 1964 715 2028 usurpante,
733 1968 766 2021 ut
780 1968 892 2028 alienos
904 1991 992 2049 equos
1004 2005 1062 2057 pu.

142 2050 280 2120 gnaturis
299 2043 464 2099 distribuat.
483 2045 544 2097 Huc
560 2043 636 2098 enim
656 2050 799 2109 malorum
820 2065 939 2119 ventum
952 2074 1004 2141 est,
1023 2082 1060 2134 ut

140 2142 231 2197 verba
252 2150 319 2195 mea
344 2133 445 2189 eodem
472 2132 602 2203 tempore
627 2136 657 2188 et
677 2136 839 2200 Alexandro
862 2166 991 2212 excusem
1026 2172 1058 2223 et

141 2222 314 2299 Antiphani·

179 2332 195 2365 c
204 2314 258 2387 [35]
267 2312 313 2374 At,
325 2309 451 2375 hercule,
461 2306 624 2367 materen
635 2312 717 2368 nobis
729 2313 856 2378 inimicis
862 2327 920 2381 tuis
928 2333 1053 2405 scripsit,

109 2430 116 2442 ,
141 2394 263 2457 Utinam
279 2395 445 2469 prudentius
462 2402 539 2455 esset
555 2394 679 2456 sollicite
690 2415 742 2468 pro
754 2402 825 2477 filio,
842 2415 871 2467 et
883 2430 940 2470 non
952 2418 1053 2487 inanes

138 2497 258 2560 quoque
283 2481 391 2555 species
410 2481 494 2539 anxio
516 2490 620 2548 auimo
643 2484 830 2558 figuranter
861 2499 953 2565 Quare
974 2514 1052 2575 enim

135 2677 163 2689 -
175 2665 211 2709 41,
219 2666 290 2716 idam,
300 2656 393 2703 lemene
405 2656 475 2709 chose,
487 2667 568 2717 css-d,
628 2670 711 2711 unum,
729 2661 851 2717 Antiphane
866 2673 918 2717 enit
939 2684 1052 2736 probabpe.

134 2722 202 2767 oanis
212 2727 239 2771 dc
250 2724 353 2770 Philetas.
364 2743 391 2752 -
399 2724 432 2763 42.
442 2720 531 2781 pridie,
546 2734 569 2777 13
629 2725 724 2765 mentun
735 2724 1010 2802 autumniautumni,
1023 2766 1050 2799 n,

134 2780 420 2840 i·eille(d01'arrestnticn).
436 2786 570 2839 -43aan-
631 2784 718 2836 mmm
742 2792 779 2834 1²³⁸
797 2794 847 2839 part
866 2804 892 2835 au
914 2802 1006 2850 combat,
1023 2835 1051 2849 ,

133 2850 197 2898 σερε,
209 2850 309 2900 douram,
321 2846 396 2889 cet-d.
405 2844 421 2887 il
431 2847 463 2887 est
474 2844 570 2904 difficile
630 2849 665 2888 ¹16·
684 2845 764 2912 w,
786 2844 806 2887 la
824 2852 880 2895 intre
901 2857 1051 2929 daturum,

133 2898 160 2941 ‘¹⁰
168 2912 243 2957 sarcir
250 2912 287 2968 qui
295 2913 328 2954 est
335 2907 516 2963 conpacta-44.
522 2916 570 2964 ta.
631 2905 744 2959 Oltmtmss·
750 2911 814 2951 -Ηι
820 2913 938 2971 detereret,
945 2934 1000 2976 pour
1007 2938 1052 2986 μη.

131 2957 224 3024 ῡθΰαηι,
234 2970 312 3029 jainis
322 2979 414 3015 moero.
429 2986 456 2999 -
473 2970 509 3015 4⁵.
520 2977 570 3027 1200
631 2971 698 3023 peret,
713 2976 754 3019 duo
771 2966 815 3012 t’ou
827 2974 864 3017 ent
878 2978 912 3023 dit
928 2983 1052 3052 U’ipuqus
