2317 3500
456 209 465 238 τ’.
472 205 602 245 rffl.

157 259 193 312 22
481 269 509 319 o.
534 268 626 311 cunni
650 267 725 309 nuri
883 241 969 331 [nur.
986 249 1060 325 333]

156 385 295 455 vebatque
312 399 362 440 rex
381 385 489 452 oculos,
505 388 542 451 et,
565 382 704 455 paulatim
718 381 855 438 redeunte
878 381 985 449 animo,
1005 381 1062 437 cir-

156 474 330 529 cumstantes
348 472 453 529 amicos
471 475 648 545 agnoverat:
672 473 822 544 laxataque
843 471 887 526 vis
909 469 1002 525 morbi
1025 471 1064 525 ob

155 564 209 617 hoc
222 563 315 617 solum
331 561 490 632 videbatur,
504 562 571 634 quia
584 559 811 634 magnitudinem
822 561 890 615 mali
907 557 1063 615 sentiebat.

158 650 211 724 [10]
235 651 328 706 Animi
349 653 444 708 autem
465 652 605 723 aegritudo
620 667 723 720 corpus
738 649 870 720 urgebat,
884 647 989 722 quippe
1003 647 1066 702 Da·

155 738 232 794 rium
259 739 359 811 quinto
385 739 431 795 die
454 739 482 793 in
510 738 610 793 Cilicia
630 739 690 794 lore
709 737 906 793 nuntiabatur.
926 735 1066 792 Vinctum

157 843 226 899 ergo
246 843 276 883 se
294 827 366 883 tradi
387 830 416 882 et
433 830 543 882 tantam
557 825 706 881 victoriam
718 824 789 897 eripi
799 823 853 880 sibi
866 841 901 880 ex
917 823 1065 893 manibuS,

157 918 335 990 obscuraque
346 920 375 972 et
394 915 512 988 ignobili
525 919 618 972 morte
636 914 665 970 in
678 912 860 970 tabernaculo
875 910 1019 985 exstingui
1032 928 1068 969 se

157 1007 339 1076 querebatur.
356 1004 552 1078 Admissisque
567 1004 667 1061 amicis
681 1004 787 1076 pariter
801 1019 833 1059 ac
847 1000 966 1082 medicis
984 1021 991 1056 z
1007 1000 1066 1074 [ll]

159 1115 172 1147 ι
190 1095 219 1150 ln
235 1110 292 1167 quo
304 1112 349 1152 me
370 1115 396 1164 u,
412 1093 514 1168 inquit,
531 1116 545 1146 ι
562 1095 681 1151 articulo
694 1098 716 1133 ¹⁸
735 1109 833 1148 rerum
853 1107 984 1149 mearum
1005 1090 1069 1145 lor-

157 1189 227 1241 tuna
243 1184 471 1256 deprebenderit,
487 1182 613 1238 cernitis.
631 1181 791 1254 Strepitum
805 1179 955 1237 hostilium
968 1195 1070 1236 armo-

158 1290 223 1329 rum
245 1273 378 1330 exaudire
399 1271 469 1328 mihi
488 1272 596 1340 videor,
612 1274 650 1338 et,
667 1270 717 1342 qui
736 1271 811 1326 ultro
836 1269 921 1326 intuli
942 1266 1069 1338 bellum,

155 1363 214 1435 jam
229 1379 376 1434 provocor.
397 1362 451 1434 [12]
473 1361 576 1418 Darius
593 1377 662 1434 crgo
674 1377 740 1416 cum
758 1364 817 1416 tam
837 1359 974 1432 superbas
988 1358 1072 1415 litte-

158 1453 234 1506 ras¹⁶
249 1450 395 1518 scriberet,
412 1451 557 1506 fortunam
569 1467 663 1507 meam
677 1449 706 1505 in
721 1448 840 1506 consilio
855 1449 954 1505 habuit
960 1453 983 1485 ¹⁷
995 1467 1002 1502 ε
1015 1451 1073 1505 sed

160 1539 344 1611 nequiquam,
355 1540 378 1596 si
392 1539 461 1598 mibi
475 1539 593 1596 arbitrio
603 1556 667 1596 meo
680 1537 774 1595 curari
786 1537 861 1594 licet.
874 1537 928 1612 [13]
946 1538 1075 1594 Lenta¹⁸

160 1628 286 1685 remedia
293 1633 321 1685 et
331 1645 435 1701 segnes
446 1629 570 1685 medicos
578 1644 636 1683 non
645 1630 809 1699 exspectant
819 1630 949 1698 tempora
956 1641 1024 1681 mea
1029 1629 1072 1684 ¹⁹:

160 1718 204 1774 val
219 1718 293 1773 mori
311 1722 428 1775 strenue
443 1733 529 1790 quem
547 1716 627 1773 tarde
649 1716 847 1773 convalescere
870 1712 940 1771 mihi
963 1713 1075 1771 melius

162 1810 214 1863 est.
238 1806 371 1879 Proinde,
392 1805 417 1863 si
436 1805 505 1879 quid
523 1804 595 1877 opis,
616 1803 725 1877 siquid
743 1804 814 1861 artis
831 1802 860 1859 in
877 1800 994 1859 medicis
1012 1808 1074 1873 est,

162 1895 254 1953 sciant
283 1912 329 1953 me
353 1912 411 1952 non
443 1899 502 1952 tam
530 1893 632 1951 mortis
659 1910 745 1966 quam
779 1891 848 1949 belli
874 1889 1037 1948 remedium
1048 1897 1077 1931 ²⁰

163 2000 299 2067 quaepere.
322 2002 336 2036 n

200 2071 255 2144 [14]
273 2070 424 2144 Ingentem
438 2070 571 2127 omnibus
583 2070 743 2127 incusserat
757 2086 856 2127 curam
870 2074 929 2126 tam
943 2086 1078 2143 praeceps

163 2159 310 2215 temeritas
331 2160 403 2232 ejus.
426 2160 513 2231 Ergo,
529 2176 582 2231 pro
596 2164 657 2216 se’¹
677 2160 810 2232 quisque,
829 2161 939 2231 precari
960 2176 1080 2231 ooepere

165 2265 200 2305 ne
220 2247 402 2305 testinatione
420 2248 579 2319 periculum
599 2252 728 2320 augeret,
750 2247 801 2304 sed
821 2250 898 2305 esset
923 2246 954 2303 in
974 2252 1082 2319 potes-

164 2339 223 2393 tate
247 2337 441 2393 medentium:
460 2335 631 2409 «inexperta
648 2336 774 2391 remedia
788 2336 866 2392 baud
879 2336 986 2417 iujuria
1000 2335 1082 2409 ipsis

166 2440 228 2481 esse
243 2428 381 2498 suspecta,
392 2426 448 2499 [15]
457 2443 521 2482 cum
535 2427 570 2482 ad
587 2423 740 2496 perniciem
752 2424 815 2497 ejus
826 2424 940 2481 etiamn
951 2426 1044 2481 latere
1053 2434 1082 2465 ²³

166 2512 256 2587 ipsius
276 2516 395 2585 pecunia
423 2515 589 2572 sollicitaret
604 2515 737 2572 bostis.»
762 2512 815 2585 [16]
838 2514 950 2587 Quippe
966 2514 1084 2574 Darius

170 2708 201 2746 lt.
223 2700 335 2753 articulo,
354 2706 449 2744 moment
464 2700 546 2745 decisis.
564 2724 592 2735 ··-

170 2770 201 2807 lt.
210 2762 309 2806 litterae.
316 2761 373 2805 G’est
385 2763 592 2817 probablemeutunc

168 2826 260 2869 allusion
271 2826 282 2866 b
291 2830 345 2866 cette
351 2824 413 2867 lettre
421 2838 462 2879 que
469 2826 536 2867 donne
546 2826 592 2868 seul

169 2888 188 2931 lc
203 2887 431 2932 Pseudocallislhcno
443 2889 466 2941 (1,
481 2888 561 2939 xxxix),
572 2893 594 2929 et

170 2950 223 2994 dans
230 2950 322 3006 laquelle
331 2946 407 2993 Darius
416 2943 528 2991 ordonnait
539 2950 594 2991 bees

170 3016 266 3066 satrapes
285 3014 311 3056 dc
328 3012 419 3055 iouetter
435 3024 458 3054 ce
479 3011 542 3065 jeuue
558 3012 593 3053 lou

171 3070 352 3120 d'Alexandre.—
363 3080 395 3119 17.
405 3074 432 3115 tu
442 3072 540 3115 consilto
555 3073 596 3114 ha-

171 3134 227 3187 buit,
245 3134 287 3178 tint
303 3140 385 3191 compte
399 3136 423 3177 de
437 3146 470 3177 ma
487 3134 595 3176 mauvaise

172 3193 255 3236 lortune
263 3208 268 3246 3
276 3196 483 3250 ci.0uint.,Vlll,u,
491 3200 515 3239 23
523 3207 528 3237 ε
535 3196 555 3237 id
565 3196 597 3249 ip-

172 3266 219 3298 sum
226 3256 543 3308 incomitiobabmdmncst,
554 3271 595 3301 non

645 2714 730 2756 semper
737 2706 807 2745 tamon
817 2713 864 2745 eece
875 2702 1035 2758 acrcmjudieis
1044 2706 1085 2751 in-

646 2764 771 2807 tentionem.
780 2788 806 2795 —
823 2771 852 2809 lt.
868 2764 930 2808 unta
942 2771 1028 2810 estune
1042 2782 1087 2813 ex-

647 2826 742 2877 pression
759 2826 866 2881 poetique.
884 2834 949 2873 «19.
966 2834 1087 2883 tempora

646 2900 706 2940 meo,
727 2889 757 2932 les
784 2887 935 2943 conjunctures
954 2892 1016 2948 obje
1045 2908 1088 2941 mo

647 2952 734 2999 troum3
753 2958 803 3003 roy.
815 2950 877 2991 Rem.
890 2955 925 2994 tt.
935 2974 963 2984 -
973 2960 1008 2996 20·
1021 2954 1088 3002 cette

648 3011 786 3063 remedium,
799 3012 922 3065 expression
934 3014 1045 3070 obscum
1064 3021 1090 3065 10

648 3084 698 3115 sens
707 3075 741 3115 est
750 3084 756 3115 t
765 3083 808 3115 non
818 3084 857 3127 pm
865 3085 893 3115 nn
902 3074 987 3117 rouredo
995 3077 1035 3130 qui
1047 3093 1090 3123 mn

649 3132 812 3185 rendalastntt,
821 3134 875 3175 mals
882 3134 920 3189 qui
929 3146 963 3178 me
972 3146 1091 3190 pemmo.

650 3198 675 3238 de
688 3196 801 3238 continuet
814 3196 834 3237 le
845 3205 930 3248 guerre.
944 3218 973 3229 -·
985 3204 1022 3243 21.
1031 3212 1091 3257 pro

649 3270 681 3312 eo,
698 3258 786 3301 sulcant
800 3267 839 3300 eon
853 3256 966 3304 lnssaence.
976 3281 1005 3293 -··
1016 3268 1060 3309 22
1072 3278 1093 3310 a
