2317 3500
151 251 168 304 8
480 256 508 307 Q.
532 255 624 299 cuam
647 256 720 301 nuri
770 237 963 320 [rnxurnups
979 238 1054 322 333]

151 377 179 431 ct
193 389 260 428 suas
274 372 421 428 dumtaxat
439 371 531 426 undas
552 370 680 426 trahens.
704 368 741 441 [b]
763 367 862 440 ltaque
880 369 959 424 color
978 369 1055 441 eiua,

151 462 260 535 placido
283 459 354 518 mari
369 459 481 530 similis,
496 460 592 515 locum
617 462 766 531 poetarum
791 457 939 514 mendacio
966 459 1055 516 iecit:

150 549 253 621 quippe
267 549 403 603 traditum
416 550 459 602 est
471 547 637 618 nymphas¹,
654 561 751 601 amore
763 543 856 600 amnis
870 547 1008 614 retentas,
1026 546 1057 602 in

151 635 199 692 illa
219 651 290 707 rupe
312 633 467 691 considere.
486 632 520 706 [5]
538 632 682 701 Ceterum,
700 631 836 704 quamdiu
857 632 933 688 intra
953 650 1057 690 muros

150 723 222 795 ituit,
236 740 339 780 nomen
354 739 438 778 suum
455 720 579 776 retinet:
599 725 639 788 at,
659 737 724 776 cum
739 724 818 777 extra
830 720 1010 777 munimenta
1023 739 1056 779 so

151 811 264 881 evolvit,
281 812 387 885 majore
400 809 448 866 vi⁸
466 823 499 862 ac
517 810 593 864 mole
613 812 745 881 agentem
765 810 858 864 undas
875 809 980 880 Lycum
1004 827 1055 882 ap-

150 902 265 973 pellant.

187 988 220 1061 [6]
233 989 388 1044 Alexander
398 985 512 1060 quidem
527 987 628 1042 urbem
642 985 807 1043 destitutam
822 985 857 1041 ab
872 984 933 1041 suis
946 984 1053 1053 intrat;

151 1093 244 1133 arcem
268 1093 345 1144 vero,
361 1076 389 1132 in
410 1093 496 1148 quam
520 1075 719 1142 confugerant,
740 1089 906 1145 oppugnare
920 1076 1052 1144 adortus,

151 1167 383 1222 caduceatorem²
398 1162 545 1236 praemisit,
562 1163 610 1233 qui
630 1161 822 1230 denuntiaret,
837 1159 867 1216 ui
882 1164 1020 1219 dederent
1029 1167 1052 1233 ⁸,

150 1255 226 1326 ipsos
239 1255 339 1311 ultima
349 1269 411 1308 csse
423 1267 567 1323 passuros
581 1250 1055 1324 [7]11111111111101111111111111
1072 1284 1077 1292 ·

151 1348 179 1399 et
198 1344 254 1401 situ
276 1347 304 1398 et
319 1344 422 1412 opere⁹
435 1341 559 1396 multum
573 1340 679 1395 editam
692 1341 871 1412 perductum,
887 1344 995 1412 quanta
1010 1357 1055 1399 os-

151 1437 194 1489 set
215 1431 345 1499 altitudo,
361 1428 466 1485 intueri
483 1427 585 1500 jubent
606 1445 638 1484 ac
659 1428 791 1484 nuntiare
810 1431 969 1486 Alexandro
996 1447 1056 1488 nou

151 1521 250 1576 eadem
265 1519 357 1588 ipsum
372 1521 401 1573 et
420 1516 527 1572 incolas
542 1516 729 1572 estimatione
744 1517 921 1573 munimenta
934 1518 1054 1575 metiri:

151 1625 181 1664 se
197 1608 283 1664 sciret
297 1605 529 1676 inexpugnabiles
543 1621 617 1674 esse,
633 1605 668 1660 ad
682 1605 815 1660 ultimum
825 1621 877 1676 pro
891 1606 1057 1664 1111110111-

150 1695 265 1753 rituros.
290 1694 326 1769 [8]
350 1691 493 1761 Ceterum,
518 1692 767 1750 ut'circumsideri
787 1708 882 1750 arcem
903 1698 933 1751 ot
955 1696 1058 1755 omnia

150 1785 203 1840 sibi
225 1785 253 1839 iu
276 1784 335 1841 dies
354 1782 461 1839 artiora
482 1798 543 1839 esse
561 1781 704 1850 viderunt,
720 1782 869 1854 sexaginta
883 1783 995 1839 dierum
1009 1786 1059 1841 in-

63 1926 66 1929 .
151 1878 244 1933 dutiae
264 1876 348 1949 pacti,
368 1880 410 1944 ut,
431 1875 487 1932 uisi
510 1877 588 1933 intra
606 1893 655 1932 eos
677 1876 813 1931 auxilium
829 1876 932 1932 Darius
950 1877 1023 1950 ipsis
1032 1886 1056 1918 ¹1

151 1965 286 2034 misisset,
310 1966 445 2021 dederent
458 1967 570 2033 urbem,
586 1969 737 2035 postquam
756 1964 826 2019 nibil
845 1964 911 2020 iude
928 1964 1058 2036 praesidii

151 2053 325 2116 mittebatur,
342 2053 377 2107 ad
392 2052 581 2123 praetitutam
595 2052 668 2105 diem
677 2056 701 2087 ¹¹
715 2051 870 2122 permisere
886 2069 918 2109 se
935 2057 1009 2128 regi.

187 2141 221 2213 [9]
240 2139 450 2211 Superveniunt
464 2139 565 2195 deindo
579 2139 665 2210 legati
679 2139 905 2210 Atheniensium,
921 2147 1057 2213 petentes

152 2234 184 2285 ut
202 2228 307 2300 capti¹³
326 2230 401 2300 apud
420 2228 571 2284 Granicum
587 2243 700 2282 amnem
716 2229 903 2285 redderentur
920 2232 985 2287 sibi.
1003 2232 1060 2292 Ille

152 2334 209 2374 nou
231 2320 283 2374 hos
304 2319 399 2385 modo,
422 2317 470 2372 sed
493 2316 578 2373 etiam
598 2319 707 2372 ceteros
728 2317 839 2373 Graecos
857 2319 971 2376 restitui
993 2324 1061 2380 suis

148 2407 299 2478 jussurum
313 2405 469 2476 respondit,
484 2405 564 2459 finito
580 2403 694 2461 Persico
708 2405 782 2461 bollo
790 2409 823 2460 ¹⁴.
841 2406 894 2479 [10]
909 2407 1061 2479 Ceterum,

152 2494 237 2548 Dario
262 2492 425 2561 imminens,
451 2509 536 2563 quern
560 2492 687 2547 noudum
714 2494 877 2564 Euphraten
903 2512 1063 2566 superasse

151 2590 332 2653 cognoverat,
345 2581 469 2651 undique
481 2596 579 2635 omnes
592 2580 687 2651 copias
698 2581 851 2649 contrahit,
865 2583 933 2638 totis
944 2583 1064 2645 viribus

152 2669 224 2727 tanti
237 2669 305 2726 belli
319 2668 472 2725 discrimen
480 2672 502 2707 ¹⁵
518 2668 656 2723 aditurus.

151 2858 245 2907 pestate,
256 2865 303 2907 roy.
316 2853 379 2895 Rern.
393 2858 427 2895 26.
439 2873 465 2882 -
478 2858 497 2894 1.
507 2863 576 2904 omn-
631 2858 663 2895 10.
677 2851 730 2903 fide,
740 2857 833 2894 serment
840 2853 898 2906 preto
911 2854 922 2894 a
934 2854 1024 2900 Darius.
1033 2884 1070 2897 -

152 2916 221 2967 piros,
234 2926 281 2969 vop.
294 2915 353 2957 Dici.
367 2914 428 2955 Hiar.
437 2936 464 2943 -
475 2918 495 2956 6.
510 2913 535 2953 ui
552 2924 575 2954 se
632 2913 866 2967 111111111111111.
876 2921 973 2959 62.-12,
984 2920 1068 2977 diem,

155 2975 398 3030 diadel’impttuositt;
412 2975 480 3025 moto,
498 2974 523 3015 de
538 2973 575 3014 l'a-
630 2987 678 3029 vop.
698 2975 802 3019 nemsi.
826 2999 852 3007 -
875 2983 909 3019 13.
930 2981 1003 3031 copti,
1028 2983 1069 3029 les

153 3034 260 3079 bondauce
273 3038 309 3079 des
323 3043 449 3080 caux.-.7.
464 3036 576 3078 caduceo·
630 3036 769 3078 merccuaires
791 3048 853 3088 grece
873 3039 886 3079 'a
908 3038 929 3080 la
945 3040 1009 3083 soide
1034 3046 1069 3089 de

152 3099 232 3143 torem,
248 3108 296 3150 vop.
308 3099 369 3141 11111.
383 3098 442 3139 Hiat.
461 3119 487 3128 -
504 3104 523 3140 8.
539 3096 576 3137 aa„
631 3098 724 3141 Darius:
746 3097 776 3140 ils
784 3097 863 3141 etaient
874 3107 935 3143 2⁰00.
944 3124 971 3133 —-
984 3110 1020 3148 11..
1030 3110 1069 3159 fi.

153 3154 576 3212 11111111111111111111111111111111111.
630 3163 681 3202 aito
706 3160 770 3211 11111,
787 3170 836 3213 vop.
861 3162 924 3204 uem.
952 3170 1001 3209 1111,
1034 3191 1071 3205 -

93 3246 96 3252 .
154 3233 180 3247 ·-
199 3223 219 3259 11.
242 3228 317 3271 opero,
338 3230 386 3274 roy.
408 3220 469 3262 Rom.
492 3223 526 3263 to.
551 3241 576 3250 -
633 3227 664 3265 11.
680 3222 815 3272 discrimen,
830 3220 901 3263 aetion
916 3223 1021 3269 decisive.
1034 3252 1070 3264 -
