2317 3500
114 208 222 282 [niven
236 198 307 281 3³1]
480 215 574 260 uranu
594 213 624 258 ν.
944 205 998 262 133

113 328 569 402 omissumapudHalicarnasson¹
582 327 767 400 ajunioribus
782 328 912 401 proelium
926 349 1000 389 unus

112 418 231 476 maxime
251 419 433 474 accenderat:
454 417 599 489 proximus
620 416 645 473 ei
666 416 819 489 Antigenes
840 419 919 478 visus
939 425 998 478 est:

112 508 226 565 tertium
238 507 332 563 locum
343 505 470 560 Philotas
485 507 608 576 Aogaeus
620 503 742 560 obtinuit
754 524 760 559 :
773 509 891 576 quartus
900 509 1001 581 Amyn-

112 600 146 652 tae
155 597 238 652 datus
250 613 256 649 :
267 591 553 665 posthosAntigonos
562 595 591 648 et
601 592 653 648 ab¹
665 608 698 648 eo
710 591 857 663 Lyncestes
867 595 1002 668 Amyntas

114 685 179 742 luit:
195 683 348 756 septimum
361 682 454 738 locum
468 681 638 751 Theodotoe,
654 680 786 737 ultimum
801 682 923 739 obtinuit
937 684 1002 740 Hel-

114 774 229 830 lanicus.
540 817 543 820 .

147 860 184 934 [a]
194 859 227 915 ln
238 857 385 930 disciplina
401 874 514 930 quoque
526 857 659 936 militaris
675 857 734 913 rei¹
748 875 765 914 a
778 857 933 930 majoribus
947 861 1004 930 plc—
1039 848 1042 854 ’

115 952 216 1023 raque¹
227 963 338 1003 summa
349 945 470 1002 utilitate
489 947 619 1002 mutarit.
641 945 801 1011 Nemeum
818 946 1005 1020 anteequitcs

115 1039 145 1095 in
167 1052 248 1094 suam
272 1037 391 1107 quisque
415 1038 530 1106 gentem
553 1034 773 1091 discriberentur
793 1051 908 1093 seorsus
926 1054 943 1092 a
959 1053 1004 1093 ce·

115 1126 194 1196 teris,
222 1125 350 1194 exempto
381 1121 528 1178 nationum
559 1121 731 1191 discrimine,
763 1123 919 1193 prefectis,
948 1141 1005 1181 non

116 1216 212 1288 utique
230 1225 348 1270 suarum
361 1209 500 1283 gentium,
515 1211 565 1266 sed
582 1209 697 1266 delectis
710 1210 849 1268 attribuit.
866 1213 901 1287 [7]
917 1213 1005 1285 luha,

116 1320 181 1360 cum
199 1305 291 1358 caetra
311 1314 425 1356 morere
442 1299 536 1365 vellet,
561 1297 675 1370 signum
690 1298 802 1369 dabat¹,
818 1301 898 1373 cujus
920 1295 1007 1358 sonu's

117 1393 291 1464 plerumque,
305 1386 541 1444 tumultuantium
555 1386 669 1443 fremitu
684 1387 836 1459 exoriente,
851 1389 926 1446 haud
939 1388 1008 1446 satis

118 1478 335 1536 exaudiebatur:
348 1492 416 1550 ergo
425 1474 589 1547 perticam¹,
601 1492 664 1550 quae
676 1477 800 1550 undique
807 1477 930 1550 conspici
940 1495 1009 1551 pos-

119 1572 171 1636 set,
183 1583 269 1639 supra
282 1565 446 1636 praetorium
456 1569 480 1603 ¹⁰
494 1565 649 1634 statuitur
667 1581 724 1637 qua
741 1567 854 1640 signum
868 1567 1010 1625 eminebat

118 1655 223 1729 pariter
236 1653 369 1710 omnibus
385 1652 587 1724 conspicuum:
604 1653 805 1712 observabatur
823 1656 898 1729 ignis
912 1659 1008 1728 noctu,

120 1740 214 1796 lomus
228 1735 361 1794 interdiu.

157 1827 190 1899 [8]
213 1826 334 1898 Jamque
357 1824 433 1880 Susa
457 1822 482 1879 ei
505 1823 617 1881 adituro
642 1824 778 1892 Abulites,
801 1824 927 1898 regionis
950 1826 1011 1899 ojus

120 1916 279 1987 praelectus,
298 1912 357 1969 sive
375 1910 452 1968 Darii
469 1910 563 1984 jussu,
582 1914 615 1968 ut
629 1912 817 1968 Alexandrum
835 1915 929 1985 praeda
947 1915 1012 1971 reti·

103 2007 211 2074 neret,
226 2002 286 2059 sive
305 2018 358 2057 sua
368 2009 479 2071 sponte,
498 1999 589 2055 filium
609 1999 719 2056 obviam
737 1999 825 2071 misit,
841 2000 1012 2058 traditurum

122 2110 154 2150 se
164 2092 264 2149 urbem
273 2089 452 2162 promittens.
465 2087 500 2161 [9]
511 2088 639 2160 Benigne
648 2088 779 2161 juvenem
790 2090 897 2161 excepit
907 2106 966 2161 rex,
974 2094 1012 2159 et,

123 2182 221 2237 codem
239 2180 320 2246 duce,
340 2178 376 2233 ad
390 2175 532 2248 Choaspin
542 2181 564 2213 ¹¹
578 2192 691 2233 amnem
701 2179 839 2248 pervenit,
854 2177 1012 2252 delicatam,

123 2272 157 2325 ut
175 2269 250 2325 lama
271 2269 325 2333 cst,
349 2266 499 2322 vehentem
519 2281 632 2337 aquam.
656 2265 781 2337 [101Hie
803 2266 928 2325 Abulites
950 2286 1014 2325 cum

124 2356 205 2411 donis
217 2353 323 2427 regalis
340 2351 490 2423 opulentiae
506 2352 637 2408 occurrit.
650 2353 814 2420 Dromades,
825 2354 923 2412 cameli
942 2358 1015 2415 inter

126 2444 201 2499 dona
220 2445 312 2513 erant,
325 2440 483 2497 velocitatis
505 2440 631 2511 eximiae,
651 2458 689 2497 xu
704 2442 844 2514 elephanti
852 2448 884 2508 ¹¹,
899 2463 915 2501 a
929 2446 1015 2503 Dario

126 2547 161 2587 ex
178 2529 256 2586 ludia
274 2528 365 2598 acciti,
377 2528 437 2600 J'am
456 2544 513 2583 non
524 2531 629 2598 terror,
642 2530 909 2603 ucoperaverantu,
922 2533 1015 2591 Mace·

126 2703 161 2741 est
178 2700 250 2741 amena
264 2710 302 2752 par
317 2696 337 2740 le
352 2697 492 2753 junioribus
508 2697 554 2752 qui.
602 2705 621 2743 9.
631 2698 753 2753 perticam,
765 2700 840 2754 perche
856 2702 901 2755 qui,
912 2702 966 2745 ainsi
977 2715 1018 2759 que

127 2760 180 2803 suit.
199 2781 227 2791 -
247 2764 268 2803 4.
286 2758 479 2811 Halicarnasson,
497 2770 545 2813 roy.
600 2758 620 2801 la
632 2759 686 2802 suite
698 2760 807 2817 l'indique,
817 2760 869 2804 enit
883 2775 910 2805 un
923 2762 1019 2805 tunel.-

127 2822 191 2865 Rem.
203 2828 213 2864 7
225 2821 304 2865 b.-5.
317 2822 353 2872 ab,
364 2822 417 2864 dane
429 2821 448 2863 le
460 2832 510 2862 sens
522 2820 547 2863 de
602 2828 633 2864 to.
650 2824 796 2875 praetoriam,
817 2835 865 2877 roy.
883 2824 941 2866 Dict.
958 2826 1018 2869 Hist.

127 2883 264 2933 secandam,
283 2888 315 2925 est
335 2895 388 2925 rare.
407 2906 434 2915 -
451 2889 471 2927 o.
485 2882 549 2925 mili·
600 2905 626 2913 -
646 2891 677 2928 11.
693 2884 819 2938 Choaspin,
833 2895 880 2937 roy.
899 2884 962 2926 lion.
979 2890 1017 2929 16:

129 2946 189 2987 taric
200 2946 236 2987 ret
251 2944 353 3001 tquiraut
364 2941 485 2997 amititia,
495 2943 549 2986 maie
602 2945 668 2987 meme
689 2958 715 2987 en
731 2957 821 3000 voyage,
843 2944 874 2987 les
890 2944 933 2987 rois
949 2958 1020 3000 perses

130 3018 181 3049 arec
210 3019 238 3049 un
264 3020 313 3051 sens
341 3007 390 3062 plus
409 3007 501 3060 general.
522 3030 549 3037 -
603 3020 628 3049 ne
645 3007 796 3060 huvaientque
810 3005 1019 3051 l'eaudecelleure.

131 3074 151 3113 7.
159 3068 268 3123 pleraque
276 3082 296 3122 a,
307 3079 388 3112 comum
399 3068 452 3111 dans
460 3069 550 3112 d'autree
602 3092 629 3101 -
642 3076 675 3111 12,
684 3066 807 3120 elephanti,
817 3078 864 3121 roy.
877 3068 937 3113 Dict.
948 3070 1020 3115 Hira:

130 3141 238 3185 passages,
259 3131 279 3175 le
293 3144 343 3175 sens
354 3134 380 3174 de
391 3132 509 3185 beaucoup
523 3132 550 3175 de
604 3130 702 3185 supplica
718 3133 782 3173 avant
793 3141 816 3171 ce
831 3133 875 3171 mot
887 3130 949 3175 later
960 3134 1021 3177 dona

130 3193 280 3239 atam-a.
293 3194 368 3247 dodau
382 3198 550 3248 supparata—
603 3197 679 3236 erant.
703 3214 731 3227 -
754 3196 788 3237 ¹³.
813 3195 839 3234 at
865 3200 1019 3246 sperauerant,
