2317 3500
311 502 497 591 LIBER
548 504 827 595 OCTAVUS

503 793 634 806 n—-

121 1041 279 1093 Suumission
300 1042 345 1092 des
363 1041 525 1104 Massagetes.
537 1064 567 1075 -
580 1036 734 1087 lmhassade
745 1038 790 1087 des
801 1035 981 1089 Chorasmiens
1000 1041 1027 1087 et

218 1113 262 1162 des
276 1112 387 1177 Scythes.
405 1136 436 1149 -
448 1110 549 1161 Classe.
563 1108 655 1158 Festin.
672 1108 778 1159 lleurtre
790 1110 820 1158 de
832 1108 919 1159 Clitus.

154 1260 175 1317 l.
186 1262 220 1334 [l]
234 1262 401 1331 Alexander,
414 1260 521 1333 majore
533 1259 609 1314 fama
619 1274 705 1331 quam
715 1258 824 1331 gloria¹
839 1258 869 1313 in
879 1257 1028 1317 dicionem

120 1349 234 1404 redacta
247 1353 353 1420 petras,
372 1366 437 1404 eum
455 1351 571 1419 prepter
585 1351 706 1419 vegum³
720 1346 833 1403 hostem
853 1348 1029 1418 spargendae

120 1453 221 1492 manus
239 1441 344 1506 essent,
362 1437 391 1492 in
409 1442 468 1493 tres
482 1438 577 1509 partes
595 1435 691 1492 divisit
705 1435 868 1493 exereitum.
888 1436 1032 1506 Hephaes-

120 1526 226 1582 tionem
248 1526 311 1594 uni,
335 1526 442 1583 Coenon
464 1526 546 1582 alteri
568 1526 654 1581 duces
674 1525 813 1581 dederat:
834 1524 895 1595 ipse
918 1524 1031 1583 ceteris

120 1617 248 1687 praeerat.
271 1615 305 1688 [2]
320 1616 376 1673 Sed
388 1632 446 1671 nnn
460 1614 558 1670 eadem
572 1630 654 1670 mens
668 1612 800 1671 omnibus
813 1611 944 1669 barbaris
957 1612 1028 1671 luit.

122 1703 217 1760 Armis
235 1704 351 1778 quidam
374 1704 495 1776 subacti,
514 1704 612 1776 plures
631 1706 696 1760 ante
719 1706 862 1760 certamen
882 1702 1032 1773 imperata

121 1793 266 1864 lecerunt3
282 1794 385 1867 quibus
400 1810 500 1851 eorum
523 1793 571 1865 qui
592 1793 621 1848 in
641 1791 796 1848 delectione
823 1808 1033 1864 perseverave-

121 1886 187 1939 rant
204 1884 290 1940 nrbes
312 1900 453 1956 agrosque
469 1881 556 1954 jussit
576 1881 703 1951 attribui.
724 1881 757 1954 [3]
771 1882 806 1935 At
827 1881 939 1936 exsules
954 1879 1033 1938 Bac-

121 1971 207 2028 triani
220 1989 285 2028 cum
298 1989 365 2029 ncec
379 1971 605 2043 Massagetarum
625 1968 769 2042 equitibus
787 1967 932 2040 proximos
944 1969 1032 2028 vinos

121 2063 312 2116 vastaverunt.
331 2059 373 2113 Ad
396 2074 469 2130 ques
480 2057 650 2114 coercendos
665 2058 785 2129 Attinas¹
812 2056 940 2129 regionis
959 2058 1031 2130 ejus

121 2148 290 2221 prefectus,
316 2163 365 2203 nce
387 2147 520 2218 equites,
546 2146 716 2203 insidiarum
751 2161 814 2216 quae
846 2146 1033 2217 parabantur

122 2235 250 2307 ignarus,
271 2234 376 2290 eduxit.
397 2234 432 2307 [l]
448 2233 576 2308 Namque
596 2233 686 2291 hostis
701 2235 730 2289 in
745 2233 824 2290 silvis
841 2265 877 2276 -
897 2236 926 2290 et
940 2242 1033 2295 erant

122 2328 195 2382 ferte
205 2339 304 2395 eampo
314 2323 419 2398 junctae
428 2357 463 2365 -
476 2329 618 2381 armatum
627 2324 748 2380 militem
758 2324 913 2393 *condidit
922 2328 1032 2396 paucis

121 2411 345 2488 propellentibus
358 2429 469 2484 peeera,
482 2418 514 2490 ut
527 2412 717 2485 improvidum
732 2413 767 2468 ad
777 2413 895 2470 insidias
910 2416 1032 2485 praeda⁵

122 2501 300 2577 perduceret.
316 2501 350 2574 [5]
363 2501 471 2573 ltaque,
488 2501 675 2574 incomposito
689 2501 801 2574 agmine
814 2502 973 2574 solutisque
982 2520 1034 2560 or-

123 2590 248 2659 dinibus,
270 2589 383 2647 Attinas
402 2592 613 2664 praedabundus
633 2591 824 2662 sequebatur:
839 2607 1031 2665 quem,prae-

122 2691 296 2757 tergressum
306 2683 417 2757 silvam,
429 2685 479 2758 qui
489 2686 518 2740 in
533 2701 567 2740 ea
581 2686 767 2742 consederant
778 2690 800 2757 θ,
819 2703 852 2742 ex
866 2684 1030 2756 improviso

123 2773 225 2842 adorti,
241 2790 306 2830 eum
317 2773 449 2830 omnibus
462 2773 678 2829 interemerunt.

148 2924 165 2965 1.
177 2924 274 2975 asama,
285 2923 349 2977 bfuit,
360 2924 541 2974 retentissement3
597 2930 616 2968 3.
624 2935 717 2978 nepam,
727 2925 844 2979 eupliam.
854 2933 899 2971 lte.
908 2949 935 2956 -
944 2929 964 2968 t.
975 2929 1031 2971 rni-

84 3003 91 3016 ·
122 2985 207 3040 pterea,
218 2986 286 3038 gleire
298 2985 423 3040 (reniteble).
436 3007 463 3016 -
473 2993 494 3028 2.
502 2996 550 3038 pov
596 2986 790 3041 alamannam.
801 2993 888 3032 loa-
899 2994 918 3032 5.
927 2989 1030 3043 prada,

123 3047 472 3100 tra,voy.liem.2ta,etVll,xr‚
482 3053 543 3092 29.-
596 3046 674 3103 l'eppel
688 3049 717 3092 clu
729 3048 799 3095 tutin.
814 3073 840 3082 -
849 3058 872 3097 e.
886 3050 927 3105 qui
942 3060 1031 3094 eome-
