2317 3500
114 22 173 77 288
442 22 474 73 Q·
499 24 618 75 CURTI
646 32 740 77 nuri
831 4 905 92 [urv.
921 6 1067 91 328-327]

122 149 203 203 «hoc
215 160 273 201 uno
288 142 373 200 modo
394 141 422 195 et
436 140 595 210 pudorem
610 147 709 205 victis
728 149 762 204 ct
774 145 931 218 superbiam
947 141 1064 203 victori-

121 236 176 290 bus
192 232 302 290 detrabi
324 246 418 306 posse.
438 227 491 301 [26]
519 234 679 295 Achillem
698 252 833 311 quoque,
857 252 945 309 aquo
967 246 1065 307 genus

123 323 185 394 ipsc
198 322 390 390 deducerem,
400 334 466 374 curn
477 322 604 390 captiva
617 326 721 385 coisse
731 330 766 381 ³⁵.
780 325 823 382 Ne
841 324 935 381 inferri
951 322 1064 381 nefas³⁴

126 410 291 480 arbitretur,
306 410 385 467 illam
400 406 586 469 matrimonii
602 416 676 489 jure
692 417 771 475 vello
783 414 867 489 jungi
875 418 906 470 ³⁵.
922 433 936 465 n

162 499 214 571 [22]
234 498 382 571 Insperato
396 496 501 571 gaudio
513 500 619 572 laetus,
635 511 726 580 pater
738 522 903 564 sermonem
915 504 973 577 ejus
984 499 1063 557 exci-

127 588 179 661 pit.
205 587 241 643 Et
262 606 321 656 rex,
346 590 376 644 in
399 588 493 645 medio
513 594 695 670 cupiditatis
714 598 830 665 ardore,
849 593 933 670 jussit
950 589 1059 649 adferri

128 676 222 750 patrio
246 694 327 735 more
347 694 450 749 panem
467 679 580 738 —hoc
602 692 672 745 erat
693 688 771 761 apud
793 685 959 742 Macedonas
972 696 1056 737 sanc-

131 766 279 828 tissimum,
295 766 460 823 coeuntium
479 768 636 847 pignusw,
652 794 793 853 -quem
817 775 939 833 divisum
958 770 1057 845 gladio

132 860 252 929 uterque
269 857 386 913 libabat.
404 857 456 930 [28]
472 858 567 918 Credo
585 882 650 939 eos,
664 868 712 942 qui
727 867 828 942 gentis
843 880 936 922 mores
956 858 1057 917 condi-

130 947 245 1016 derunt,
267 962 353 1017 parco
373 949 403 1001 et
418 948 539 1018 parabili
560 954 644 1013 victu
670 959 826 1015 ostendere
846 952 966 1011 voluisse
981 949 1054 1021 jun-

131 1032 265 1105 gentibus
307 1049 376 1104 opes
386 1036 421 1104 ⁸⁷,
458 1040 605 1107 quantulo
641 1044 770 1101 contenti
807 1060 870 1101 esse
901 1040 1048 1096 deberent.

132 1122 183 1195 [29]
202 1122 263 1177 Hoc
277 1123 362 1178 modo
383 1137 433 1177 rex
454 1124 528 1180 Asiae
553 1133 586 1185 et
609 1132 731 1205 Europae
757 1132 951 1189 introductam
975 1126 1055 1182 inter

131 1210 291 1266 convivales
306 1209 390 1264 ludos
404 1212 594 1273 matrimonio
611 1220 665 1276 sibi
687 1222 832 1294 adjunxit,
850 1217 988 1289 coaptiva
1000 1229 1057 1285 ge·

132 1297 245 1352 niturus
266 1297 314 1368 qui
336 1293 522 1355 victoribus
516 1313 688 1373 imperaret.
714 1310 768 1383 [30]
795 1306 924 1365 Pudebat
944 1301 1056 1359 aulicos

131 1390 246 1456 super³⁸
259 1384 359 1440 vinum
379 1386 410 1437 et
424 1388 525 1456 epulas
544 1406 682 1453 socerum
706 1414 741 1451 ex
763 1395 851 1452 dedit'
831 1400 870 1451 trs
882 1409 943 1451 esse
957 1390 1056 1445 delec-

130 1479 209 1542 tum,
225 1474 286 1543 sed,
310 1473 376 1544 post
399 1471 468 1531 Cliti
490 1479 600 1539 caedem
620 1486 788 1543 libertatel⁹
809 1485 932 1552 sublata,
957 1479 1056 1549 vultu,

131 1565 180 1638 qui
195 1568 318 1622 maxime
332 1560 463 1635 servito,
478 1572 725 1635 assentiebantur.

130 1795 284 1858 Preparalifs
294 1795 325 1843 de
340 1793 505 1853 l'expddition
516 1800 580 1852 dans
592 1802 867 1854 liade-Alexandro
880 1804 938 1849 veut
950 1812 976 1846 sc
988 1795 1060 1845 faire

151 1867 240 1916 adorei·
252 1886 257 1918 :
270 1861 416 1929 opposition
428 1865 475 1916 des
486 1869 663 1925 llacddoniens
676 1878 701 1922 et
711 1877 811 1921 surtout
823 1873 856 1920 de
871 1869 1039 1922 Callisthene.

166 2021 198 2076 V.
212 2022 245 2095 [l]
263 2019 412 2080 Ceterum,
428 2013 541 2076 Indiam
556 2028 585 2079 el
599 2026 666 2080 inde
682 2024 828 2077 Oceanum
845 2020 1003 2092 petituram,
1020 2036 1062 2073 ne

129 2110 338 2179 quidaterg0,
361 2102 440 2173 quod
464 2108 606 2167 destinata
628 2110 767 2186 impedire
790 2112 902 2178 posset,
926 2121 1063 2161 morere-

128 2201 185 2266 tur,
213 2221 246 2259 ex
273 2193 409 2255 omnibus
432 2198 588 2266 provinciis
608 2217 663 2255 xxx
684 2196 777 2254 millia
810 2197 964 2268 juniorum
996 2196 1064 2266 logi

125 2285 214 2356 jussit
228 2295 257 2349 et
276 2286 314 2346 ad
329 2299 360 2338 se
375 2288 488 2342 armata
509 2288 636 2361 perduci,
650 2287 766 2344 obsides
787 2284 877 2340 simul
900 2283 1066 2341 habiturus
1106 2319 1110 2325 -

127 2379 287 2440 similites,
317 2371 351 2444 [2]
367 2367 520 2432 Craterum
539 2381 635 2434 autem
658 2376 694 2430 ad
717 2373 939 2445 persequendos
962 2373 1067 2430 Haus-

124 2543 247 2598 nnissnnoe
272 2569 302 2584 .-
320 2547 355 2587 32
380 2535 511 2593 Mitteret,
526 2544 555 2586 el.
614 2551 743 2583 secum.—
716 2541 787 2578 -.36
800 2537 943 2578 coeuntium
955 2537 1065 2594 plynos,

123 2602 161 2658 lv
176 2622 208 2663 v,
224 2622 258 2662 29
274 2632 304 2644 κ
319 2607 354 2650 33.
367 2595 449 2649 coisse,
461 2600 557 2657 e'pouscr,
614 2601 709 2656 symbolo
731 2597 761 2638 du
779 2596 928 2649 mariagoa-
898 2604 985 2642 -.37
1003 2601 1069 2654 jun

122 2639 246 2720 allusio}
240 2693 252 2723 a
267 2663 356 2723 finistis
371 2659 495 2715 qusubdis
507 2678 559 2709 rou·
614 2662 721 2720 §entibus
734 2669 797 2710 opes,
806 2669 861 2698 nous
876 2669 949 2700 avons
962 2671 993 2702 on
1008 2660 1070 2704 iran-
1146 2670 1149 2674 ·

123 2727 190 2773 ¹³¹²
180 2750 271 2792 ‘ronan
294 2745 322 2778 on
341 2721 438 2777 lignium
450 2725 556 2780 mariage;
614 2723 660 2768 cais
676 2735 718 2766 une
739 2718 835 2762 locution
849 2719 988 2772 analogue:
1004 2725 1070 2766 uuir

122 2799 171 2846 roy·
187 2800 224 2854 rt,
240 2799 303 2850 xlx,
317 2795 404 2837 29⁷-
375 2790 450 2830 -td
469 2787 559 2839 irascare·
614 2769 844 2836 icorssorlunes.-
817 2787 894 2824 —.38
906 2794 1000 2836 supe„
1015 2797 1068 2840 ,oy

122 2859 200 2917 nesae,
218 2834 410 2910 litteralement:
433 2861 474 2892 uno
495 2852 580 2897 chose
614 2849 679 2892 Han
694 2852 784 2891 m.-
757 2847 829 2886 -39
844 2837 957 2897 libertas,
974 2845 1035 2888 dans
1048 2848 1069 2891 le

123 2919 189 2971 “ulie
207 2925 252 2971 etro
269 2918 348 2992 per-lde
361 2922 399 2966 par
416 2909 448 2953 lui
465 2910 519 2955 dans
533 2927 557 2958 sa
614 2920 666 2954 sens
678 2909 742 2950 deu
715 2907 791 2960 παρῥησ
767 2909 814 2944 νσαῑ
816 2903 852 2955 ‚le
865 2903 928 2948 franc
942 2907 1032 2959 parler.
1041 2932 1066 2942 -

123 2974 167 3031 vic,
193 2984 333 3033 eſtrosaadiro
358 2972 439 3017 dmi
440 2985 452 3015 ³
475 2973 510 3016 vie
532 2977 558 3021 dc
613 2977 649 3018 lo
665 2963 834 3020 εενυὶι,οοᾳυ’ἰ
855 2966 934 3016 yade
949 2968 1068 3024 plusser-

122 3012 218 3091 R⁰¹²¹¹b
231 3045 393 3102 -35414292
403 3039 558 3084 wis-nunde
615 3034 659 3080 vile
671 3033 724 3078 ders
736 3029 844 3074 l'bommo.

202 3140 214 3177 ,l
