2317 3500
132 155 170 208 ot
457 163 487 214 o.
510 161 602 206 curri
625 162 698 207 surr
868 147 944 228 [ard
960 151 1033 229 332]

169 278 202 350 [3]
216 277 268 331 Et'
281 277 354 331 lorte
368 274 452 330 belua
466 273 607 332 inusitatae
620 277 836 348 magnitudinis,
851 292 939 349 super
953 277 1036 349 ipsos

132 369 234 424 lluctus
249 366 333 422 dorso
345 363 487 427 eminens,
499 363 535 419 ed
553 364 659 426 molem
671 380 758 436 quam
773 366 942 423 Macedones
956 365 1036 439 jece-

132 459 198 511 rant
218 453 320 526 ingens
341 469 444 525 corpus
467 451 613 525 applicuit,
636 452 877 528 diverberatisque
899 454 1036 511 fluctibus

133 545 258 601 allevans
273 545 365 598 semet
378 541 522 614 utrimque
541 546 692 613 conspecta
709 548 773 599 est:
794 544 828 616 [t]
843 544 945 600 deinde
958 561 976 600 a
989 561 1039 601 ca-

133 634 191 706 pite
205 631 289 688 molis
301 647 403 687 rursus
421 631 478 686 alto
492 645 523 686 se
542 629 693 700 immersit,
714 647 756 698 ac,
771 633 855 688 modo
874 647 961 703 super
980 651 1039 689 nn-

132 724 183 778 das
203 720 331 778 eminens
355 734 459 790 magna
473 717 516 773 sui
528 720 619 789 parte,
631 717 716 773 modo
728 719 885 789 superfusis
899 719 1039 778 ssuctibus

133 811 256 878 condita,
282 808 359 865 haud
392 807 509 879 procul⁸
542 806 728 863 munimentis
752 807 833 865 urbis
858 825 890 864 se
921 809 1036 868 mersit.

132 896 426 972 [r‚]urrisque⁹1aetus
444 893 499 949 luit
509 893 600 949 beluae
614 897 745 966 aspectus
766 915 773 950 ε
795 895 964 952 Macedones
980 897 1040 956 iter

130 985 260 1059 jaciendo
281 982 360 1056 operi
384 986 561 1039 monstrasse
585 999 648 1039 eam
681 984 896 1056 augurabantur
920 1004 927 1040 ι
956 986 1038 1057 Tyrii

133 1072 308 1144 Neptunum,
330 1069 456 1141 occupati
485 1069 572 1126 maris
593 1069 744 1135 vindicem,
769 1069 929 1142 abripuisse
939 1075 964 1108 ¹⁰
985 1073 1040 1128 be·

132 1158 221 1224 luam,
237 1173 269 1214 ac
286 1156 391 1214 molem
404 1155 482 1212 brevi
493 1154 619 1226 proiecto
632 1154 784 1212 ruituram.
800 1154 924 1227 Laetique
938 1156 1039 1215 omine

133 1265 177 1318 oo,
199 1248 234 1303 ad
257 1246 356 1320 epulas
378 1243 479 1314 dilapsi
503 1259 657 1299 oneravere
678 1259 709 1299 se
727 1242 794 1299 vino
815 1262 821 1299 :
842 1260 899 1316 quo
919 1261 1039 1317 graves,

133 1338 196 1391 orto
214 1334 274 1389 sole
293 1331 407 1403 navigia
420 1330 614 1386 conscendunt
633 1329 766 1386 redimita
789 1331 937 1387 lloribus¹¹
953 1332 1041 1390 coro'-

134 1423 254 1494 nisque:
272 1420 341 1475 adeo
355 1416 480 1474 victoriae
503 1434 561 1474 non
584 1434 667 1473 omen
684 1419 779 1490 modo,
793 1420 842 1476 sed
863 1419 950 1476 etiam
964 1438 1040 1494 gra-

133 1509 301 1566 tulationem
318 1509 510 1578 praeceperant
518 1511 552 1560 ¹².

169 1599 203 1672 [6]
220 1598 304 1654 Forte
317 1611 366 1652 rex
376 1596 496 1652 classem
515 1595 543 1651 in
560 1595 701 1651 diversam
713 1599 823 1667 partem
837 1596 884 1669 agi
897 1597 1040 1672 jusserat,

133 1705 185 1745 xxx
207 1685 364 1743 minoribus
387 1683 509 1758 navigiis
528 1684 635 1742 relictis
648 1683 677 1740 in
692 1685 775 1740 litore
789 1704 795 1739 :
810 1686 942 1759 equibus
957 1688 1041 1761 Tyrii

135 1777 245 1835 duobus
270 1774 360 1848 captis
383 1779 477 1831 cetera
500 1774 609 1847 ingenti
632 1777 798 1829 terruerunt
818 1778 907 1837 metu,
933 1775 1041 1849 donec,

134 1882 253 1925 suorum
267 1866 389 1921 clamore
404 1863 512 1934 audito,
527 1864 686 1919 Alexander
707 1863 827 1919 classem
844 1863 922 1920 litori
941 1881 958 1920 a
978 1883 1041 1939 quo

135 1954 266 2013 fremitus
274 1958 296 1991 ¹³
315 1953 474 2010 acciderant
496 1951 632 2007 admovit.
648 1950 682 2023 [7]
700 1951 795 2007 Prima
813 1967 829 2007 e
848 1951 1042 2013 Macedonum

135 2044 253 2102 navibus
275 2038 490 2114 quinqueremis
498 2044 531 2110 ¹⁴,
555 2038 706 2095 velocitate
729 2038 805 2095 inter
829 2044 937 2097 ceteras
962 2045 1040 2100 emi-

135 2148 216 2197 nens,
232 2128 355 2187 occurrit
371 2146 377 2180 :
394 2142 480 2199 quam
499 2129 532 2182 ut
552 2141 723 2197 conspexere
742 2127 844 2200 Tyrio,
859 2130 922 2185 duae
940 2144 975 2185 ex
994 2134 1043 2189 di-

134 2222 247 2278 verso¹⁵
268 2217 298 2273 in
318 2216 408 2271 latera
421 2214 484 2286 ejus
498 2212 616 2269 invectae
629 2218 713 2283 sunt3
730 2213 759 2270 in
771 2232 894 2288 quarum
914 2217 1041 2279 alteram

135 2304 349 2381 quinqueremis
361 2302 500 2359 concitata
509 2306 541 2369 ¹⁸,
554 2302 653 2358 eadem
663 2306 692 2358 et
702 2302 765 2374 ipsa
775 2308 898 2361 rostro¹⁷
912 2305 968 2362 icta
979 2317 1040 2385 ost,

136 2395 253 2452 atillam
274 2393 394 2449 invicem
407 2390 509 2449 tenuit.
524 2390 558 2464 [8]
572 2390 694 2462 lamque
715 2408 749 2448 ea
762 2409 826 2466 quae
840 2410 897 2451 non
912 2396 1043 2456 cohere-

135 2486 194 2555 bat,
214 2483 304 2538 libero
319 2481 427 2552 impetu
449 2484 556 2552 evecta,
580 2478 610 2535 in
631 2479 709 2536 aliud
732 2482 947 2555 quinqueremis
960 2486 1042 2545 latus

136 2572 337 2630 invehebatur:
351 2585 427 2635 cum,
438 2567 652 2641 opportunitate
661 2568 744 2636 mira,
757 2570 883 2629 triremis
889 2577 912 2611 ¹⁸
922 2574 1043 2636 colasse

135 2797 193 2845 ocri,
205 2805 253 2848 roy.
271 2794 334 2835 Rern.
352 2796 396 2835 lot.
415 2811 440 2821 -
455 2796 475 2833 7.
491 2794 518 2841 ot,
531 2801 558 2831 en
611 2791 914 2848 21¹.-lt.sremttus,voy.
928 2794 993 2839 ilem.
1004 2806 1042 2844 4³.

136 2865 207 2911 outre;
216 2868 264 2912 roy.
273 2855 335 2897 Rern.
345 2858 390 2898 lbi.
400 2873 427 2883 -
439 2858 457 2895 3.
465 2850 557 2904 procul.
611 2873 638 2883 -
651 2855 684 2895 lt.
700 2852 884 2907 quinqueremis,
907 2866 956 2911 roy.
977 2860 1042 2905 Dect,

136 2921 254 2975 voplrem.
266 2923 310 2963 137.
320 2939 347 2949 -
356 2920 377 2958 t.
386 2913 498 2966 meisque.
509 2923 558 2966 vot·
611 2912 671 2956 Εἰσί.
682 2934 711 2945 ·-
722 2920 755 2959 ¹⁵.
771 2926 802 2957 em
814 2915 914 2969 aevoso,
927 2918 966 2960 des
985 2921 1045 2968 deux

137 2982 199 3024 nen.
215 2987 247 3025 to.
260 3002 287 3011 -
300 2986 331 3023 lt.
347 2974 487 3029 conspuisse,
503 2972 560 3015 avait
613 2975 680 3019 eolis.
693 2998 721 3007 -
737 2982 769 3020 ld.
789 2979 916 3030 wodemo,
937 2983 1045 3036 supptdez

137 3034 559 3095 englouli.-1l.ltoribus,rox.liom.
612 3037 693 3090 rante,
708 3037 779 3080 lancta
798 3038 810 3079 l
829 3038 885 3081 lorea
911 3041 938 3082 de
961 3054 1045 3091 rames.

137 3098 449 3146 aro-mmmmm
457 3095 562 3153 protuto-
613 3120 640 3130 —
662 3106 693 3143 lt.
713 3102 802 3150 rostro,
825 3111 873 3154 roy.
895 3101 956 3145 ntes.
979 3105 1044 3154 Bias.

138 3166 225 3214 lienem
241 3168 406 3225 preceperant
429 3172 475 3222 rep.
496 3160 559 3207 nen.
614 3181 641 3198 ·-
659 3166 693 3206 ta.
707 3159 824 3211 inmite,
841 3172 889 3217 roy.
905 3162 966 3205 Dies.
979 3165 1045 3214 liter,
