2317 3500
104 69 170 133 tto

147 183 194 264 ᾗ]
217 169 331 246 Igitur,

116 282 235 348 tesqua
267 263 342 312 oons

122 391 260 519 {tuerat
283 426 409 490 turba:
437 417 549 492 quippe
584 418 730 490 captivae
770 413 967 490 jubebantur
995 425 1045 467 suo
1074 407 1130 464 ritu

138 551 247 606 canere
261 509 459 584 inconditum
473 512 503 566 et
518 508 737 568 abhorrens¹¹
752 504 938 583 peregrinis
950 502 1063 562 auribus
1073 515 1134 557 oar·

143 637 223 693 mm
243 615 282 695 ts]
300 608 386 666 luter
410 612 491 670 quas
511 615 610 656 unam
632 617 693 658 rex
720 601 818 658 torte
844 595 992 672 conspexit
1012 591 1131 651 maestis

150 733 214 783 rem
243 715 335 781 quam
366 689 499 760 ceteras,
525 693 556 748 et
584 692 857 766 producentibus
882 706 946 749 eam
978 681 1135 744 verecunde

154 774 532 869 reluctantem-Excellens
545 784 614 839 erat
631 783 756 852 torma,
776 785 812 840 et
829 781 955 839 formam
970 777 1072 856 pudor¹
1084 773 1132 829 ho·

158 884 308 956 uastabat.
322 865 459 942 ostentis
475 868 504 925 in
520 873 640 929 terram
657 876 777 943 oeulis,
792 876 837 943 et,
858 873 1004 946 quantum
1019 865 1134 931 licebat,

164 998 214 1042 ore
225 971 333 1034 velato,
348 953 554 1026 suspicionem
572 962 709 1032 praebuit
721 969 748 1003 ¹²
770 963 855 1036 regi,
876 959 1051 1017 nobiliorem
1069 969 1133 1010 esse

168 1081 257 1144 quam
269 1061 304 1114 ut
313 1053 392 1111 inter
401 1047 570 1106 convivales
582 1051 709 1110 iudos¹³
720 1053 852 1110 deberet
862 1048 990 1107 ostendi.
999 1045 1035 1122 [7]
1045 1044 1136 1118 Ergo,

72 1171 76 1178 ’
107 1167 117 1186 ·
171 1144 356 1218 interrogata
372 1151 507 1210 quaenam
525 1141 619 1210 esset,
641 1141 763 1212 neptim
775 1137 949 1209 ¹⁴seOohi‚
970 1137 1022 1209 qui
1039 1147 1135 1205 nuper

173 1235 330 1311 regnasset
350 1227 381 1283 in
405 1225 517 1296 Persis,
535 1225 600 1283 tilio
622 1229 691 1302 ejus
716 1229 857 1304 genitam
882 1245 949 1286 esse
969 1223 1137 1298 respondit,

176 1340 298 1383 uxorem
319 1315 472 1391 Hystaspis
493 1315 600 1372 tuisse.
622 1317 821 1393 Propinquus
847 1319 898 1376 hio
919 1316 1005 1376 Darii
1027 1315 1136 1382 iuerat,

177 1411 276 1488 magni
290 1405 392 1478 etipse
408 1401 550 1460 exercitus
566 1411 681 1476 praetor
693 1413 727 1464 ¹⁵.

216 1501 250 1575 [δ’]
266 1495 368 1555 Adhuc
379 1490 409 1546 in
423 1489 517 1547 animo
533 1492 621 1565 regis
640 1497 748 1554 tenues
767 1499 909 1572 reliquiae
931 1495 1057 1570 pristini
1077 1508 1141 1548 mo·

178 1589 220 1645 ris
245 1582 404 1646 herebant.
428 1578 538 1650 ltaque,
563 1579 718 1642 fortunam
740 1589 824 1661 regia
850 1587 950 1659 stirpe
973 1582 1087 1658 genitae
1110 1583 1143 1637 et

177 1681 240 1737 tam
255 1671 367 1734 celebre
383 1683 488 1726 nomen
509 1663 642 1740 [nentem
654 1675 734 1749 ochi]
755 1675 922 1745 reveritus,
941 1690 1006 1730 non
1024 1667 1141 1726 nimus

176 1772 264 1829 modo
285 1758 437 1835 captivam,
459 1754 510 1813 sed
532 1758 625 1816 etiam
650 1766 767 1822 restitui
789 1766 817 1823 ei
841 1750 919 1822 suas
940 1778 1019 1836 opes
1032 1758 1141 1834 jussit,

175 1857 273 1919 virum
295 1866 409 1929 quoque
432 1843 556 1917 requiri,
587 1853 621 1906 ut
643 1857 758 1924 reporto
781 1855 954 1927 conjugem
978 1852 1141 1909 redderet.

177 1946 212 2023 [9]
228 1950 349 2007 Ρθὸῑθῐθ
372 1946 470 1995 autem
492 1930 549 2029 ffies
576 1942 713 2011 nraecepu
734 1938 951 2016 Hephaestioni
968 1943 1006 1997 ut
1029 1953 1144 1997 omnes

174 2038 307 2114 captivos
322 2030 351 2085 in
365 2026 478 2101 regiam
490 2020 608 2118 juberet
622 2027 734 2087 adduci.
749 2030 802 2102 lbi,
819 2032 1033 2106 singulorum
1051 2028 1148 2085 nobi-

175 2127 259 2189 litate
276 2120 416 2197 spectata,
435 2113 560 2169 θθθΓθῊῑ
573 2128 590 2167 a
603 2115 691 2189 vulgo
705 2136 835 2192 quorum
848 2126 876 2160 ¹⁶
896 2119 1063 2177 eminebat
1083 2134 1146 2190 ge-

176 2234 243 2277 nus.
262 2212 344 2272 Mille
361 2206 391 2262 hi
412 2201 550 2260 fuerunt:
565 2200 642 2260 inter
654 2223 728 2279 quos
739 2214 884 2282 repertus
901 2212 956 2265 est
970 2206 1147 2276 Oxathres,

176 2306 256 2366 Darii
268 2306 372 2367 irater,
382 2311 440 2351 11011
455 2288 534 2347 illius
550 2290 666 2353 fortuna
680 2315 766 2372 quam
780 2300 891 2358 indole
902 2297 1008 2357 animi
1020 2296 1074 2353 sui
1084 2298 1147 2352 ola-

129 2416 135 2425 ·
174 2396 246 2454 rior.
271 2388 329 2469 [10]
344 2401 410 2443 xxvl
423 2377 524 2438 millia
539 2382 711 2443 talenium¹⁷
723 2390 863 2463 proxima
883 2389 1000 2462 praeda
1015 2388 1152 2443 redacta

175 2490 259 2545 erant
279 2504 288 2543 ς
315 2492 333 2534 e
347 2472 413 2546 quis
428 2470 577 2529 duodecim
594 2475 688 2536 millia
701 2479 731 2537 in
743 2478 949 2553 congiarium
956 2482 984 2515 ¹⁸
1001 2474 1151 2533 militum

349 163 420 206 eum
441 141 645 216 tempestivis
675 132 867 197 conviviis
886 129 943 190 dies
958 129 1129 205 pariternoo-

344 239 478 307 emeret,
505 232 705 291 satietatem
745 227 930 306 epularum
956 223 1027 282 ludis
1050 223 1130 281 inter

144 352 263 426 enabat
272 349 306 410 ¹⁰,
331 343 397 392 non
420 327 589 384 contentus
617 324 817 392 artificum,
838 333 919 395 quos
936 333 951 376 a
972 314 1073 375 Gracia
1086 332 1131 372 ex-

172 2754 196 2785 so
210 2745 324 2789 donuoun
338 2728 604 2803 ‚Ultimum-totn-
660 2737 724 2781 Dior.
747 2737 807 2779 ΗΜ.
833 2758 866 2769 -
902 2740 943 2781 1⁴.
961 2735 1081 2788 neptim,
1098 2744 1158 2788 roy.

172 2804 320 2861 impellebat,
336 2794 483 2843 lssiflffflmpffl·
498 2794 601 2845 nutanti.
659 2798 728 2841 Rom.
749 2798 801 2841 tob.
831 2819 865 2829 —
892 2803 933 2843 ιδ.
957 2801 1076 2849 praetor,
1099 2805 1150 2848 roy

171 2887 200 2899 -·
211 2876 243 2913 tt.
253 2862 397 2913 annom·
407 2850 513 2905 ⁶¹²⁰¹I¹¹i¹¹t
523 2866 600 2908 pour...
658 2861 723 2903 Dies.
737 2860 796 2902 Hiar.
805 2880 839 2891 -—
856 2866 897 2904 to.
912 2870 1041 2913 quorum
1061 2869 1089 2899 se
1101 2867 1156 2908 rap-

172 2913 601 2987 -12.mptoiomrttprobuit,ondit
656 2922 1000 2977 portetoossous-onoenom
1014 2919 1157 2975 voullam.

171 2987 323 3040 plussouveut
333 2984 495 3031 mmmmm
503 2986 599 3023 mouere.
655 2990 719 3029 ooo.
731 3004 760 3014 -
776 2988 811 3025 1⁷.
829 2983 983 3031 munium,
1004 2992 1063 3037 vor.
1085 2980 1157 3021 noct.

172 3068 206 3090 a·-
224 3056 260 3106 15,
286 3036 426 3095 meatu
449 3035 522 3092 ΜΝ,
551 3052 597 3097 vor.
653 3043 838 3089 tristatum.
857 3050 900 3089 ro.
918 3064 953 3076 -
983 3051 1024 3089 rs.
1044 3042 1158 3097 oonpre-
