2317 3500
154 325 192 379 76
479 335 509 388 o.
532 335 625 412 cuum
648 335 721 380 uum
890 317 962 399 [dud
976 316 1049 399 332]

155 449 300 520 probrum,
316 466 367 506 nec
378 466 511 522 magnam
522 467 584 507 rem
595 449 829 522 magissustineri
839 450 1054 522 possacredunt

155 538 190 593 ab
211 553 244 598 eo
263 538 307 593 cui
320 543 413 594 tacere
426 556 512 611 grave
526 538 574 606 sit,
592 540 667 611 quod
685 539 794 595 homini
816 539 982 595 facillimum
1002 554 1054 594 ro·

155 623 241 679 luerit
253 640 315 680 esse
327 628 435 680 natura.
457 625 491 698 [7]
516 625 559 681 Ob
580 625 653 680 hauc
673 641 787 682 causam
808 625 974 691 Alexander,
995 641 1053 680 om·

155 712 235 768 nium
250 730 312 785 quae
330 716 402 785 apud
422 715 534 769 hostem
548 717 715 784 gererentur
739 715 868 787 ignarus,
884 715 983 770 urbem
999 713 1054 768 Ga-

155 819 217 857 zam
238 802 395 859 obsidebat.
421 803 547 858 Praeerat
571 800 636 857 urbi
656 801 744 872 Betis,
771 802 879 858 eximiae
902 802 931 857 in
954 819 1053 873 regem

156 908 241 948 suum
254 891 330 962 fidei,
343 892 511 963 modicoque
529 889 661 962 praesidio
686 908 784 948 muros
808 891 933 964 ingentis
956 893 1053 964 operis

156 981 299 1036 tuebatur.
930 1037 931 1040 ,

191 1067 226 1142 [8]
242 1069 409 1145 Alexander,
424 1067 564 1124 aestimato
585 1059 711 1125 locorum
731 1068 799 1138 situ,
819 1069 865 1142 agi
880 1068 1054 1125 cuniculos¹¹

153 1155 250 1229 jussit,
275 1157 349 1213 lacili
372 1174 404 1214 ac
429 1155 483 1213 levi
507 1156 594 1212 humo
616 1161 777 1228 acceptante
798 1158 940 1214 occultum
960 1173 1052 1229 opus:

108 1245 112 1250 ’
156 1245 259 1317 quippe
273 1248 392 1302 multam
406 1260 522 1301 arenam
533 1243 658 1301 ricinum
680 1262 758 1301 mare
782 1245 896 1316 evomit,
916 1261 968 1301 nec
986 1261 1058 1300 saxa

156 1337 299 1406 cotesque,
312 1352 374 1407 quae
393 1333 574 1403 interpellent
594 1349 695 1406 specus
705 1338 736 1402 ¹¹,
757 1335 881 1392 obstant.
898 1333 933 1406 [9]
950 1332 1055 1406 Igitur,

84 1426 86 1431 '
156 1423 191 1479 ab
208 1441 242 1478 ea
256 1429 338 1495 parte
351 1439 437 1495 quam
450 1420 585 1492 oppidani
597 1421 759 1495 conspicere
771 1439 828 1478 nou
840 1426 972 1494 possent,¹
982 1437 1058 1494 opus

157 1524 250 1577 orsus,
269 1513 302 1565 ut
323 1525 440 1566 asensu
452 1507 514 1580 ejus
533 1514 716 1577 averteretff,
730 1513 824 1566 turres
843 1509 933 1566 muris
956 1510 1059 1566 admo-

156 1597 216 1653 veri
227 1596 317 1670 jubet.
334 1597 389 1653 Sed
408 1596 506 1652 eadem
524 1597 639 1667 humus,
659 1598 806 1654 movendis
831 1597 941 1654 inutilis
966 1597 1057 1654 turri-

157 1687 252 1754 bus¹⁴,
272 1675 416 1741 desidente
436 1685 546 1755 sabulo,
567 1685 725 1759 agilitatem
737 1692 866 1744 rotarum
881 1689 990 1742 morata
1005 1687 1056 1761 [et]
1120 1687 1122 1690 ’

158 1776 285 1831 tabulata
297 1775 422 1831 turrium
445 1774 651 1847 perfringebat,
673 1776 812 1849 multique
830 1778 1061 1833 vulnerabantur

159 1864 284 1934 impune,
300 1880 365 1919 cum
380 1863 455 1919 idem
468 1863 639 1935 recipiendis
660 1865 708 1936 qui
728 1864 912 1921 admovendis
928 1864 1061 1922 turribus

126 1977 131 1983 ·
158 1953 239 2010 labor
253 1969 302 2009 eos
315 1951 459 2025 fatigaret.

193 2041 246 2116 [10]
263 2042 349 2113 Ergo,
366 2038 490 2111 receptui
509 2039 592 2113 siguo
610 2042 685 2111 dato,
705 2045 819 2114 postero
834 2040 879 2097 die
894 2056 993 2097 muros
1009 2058 1062 2098 co-

159 2136 257 2188 rona¹⁵
269 2128 437 2187 circumdari
448 2128 545 2202 jussit.
560 2129 687 2201 Ortoque
697 2130 767 2200 sole,
778 2128 944 2201 priusquam
958 2130 1062 2187 admo-

160 2221 238 2275 veret
251 2217 413 2286 exercitum,
428 2232 510 2286 opem
522 2218 639 2273 deum¹⁰
652 2234 813 2290 exposcens,
830 2234 942 2273 sacrum
964 2221 1062 2291 patrio

160 2324 239 2364 more
264 2305 391 2362 iaciebat.
416 2303 468 2377 [ll]
491 2304 576 2361 Forte
591 2308 793 2377 praetervolans
819 2322 921 2363 corvus
943 2307 1063 2380 glebam

160 2412 246 2469 quam
260 2394 405 2468 unguibus
424 2393 533 2450 terebat
550 2394 645 2451 subito
668 2394 781 2451 amisit:
795 2411 867 2467 quae,
892 2411 958 2450 cum
979 2396 1063 2470 regis

160 2482 244 2554 capiti
266 2482 421 2550 incidisset,
446 2483 573 2538 resoluta
588 2482 719 2550 defluxit3
742 2481 803 2553 ipsa
827 2485 922 2538 autem
944 2483 1005 2540 avis
1030 2487 1063 2543 in

159 2570 288 2644 proxima
304 2574 385 2627 turre
400 2570 537 2626 consedit.
561 2569 636 2626 illita
656 2573 718 2626 erat
741 2568 829 2626 turris
842 2568 1012 2627 bitumine¹⁷
1030 2592 1064 2631 ac

161 2658 307 2729 sulphure,
328 2658 357 2714 in
381 2674 437 2731 qua
458 2657 511 2715 alis
533 2658 717 2727 haerentibus,
741 2657 849 2713 trustra
874 2674 905 2712 se
935 2658 1065 2719 allevare

161 2747 279 2801 conatus
290 2749 322 2812 ¹⁸,
339 2747 619 2803 acircumstantibus
630 2745 750 2816 capitur.
767 2744 818 2816 [12]
834 2744 928 2817 Digna
937 2762 985 2803 res
999 2748 1067 2807 visa

162 2836 196 2891 de
209 2850 265 2906 qua
278 2838 357 2891 vates
367 2834 536 2905 consuleret,
548 2838 577 2890 et
586 2836 609 2871 ¹⁹
621 2836 682 2889 erat
691 2848 748 2887 non
765 2832 875 2888 intactae
888 2849 905 2889 a
919 2838 1066 2907 supersti-

164 3088 189 3099 -
202 3071 233 3109 ll.
248 3064 379 3115 mmieutoa,
393 3075 440 3119 vop.
456 3063 515 3107 Dico.
526 3062 585 3106 Hiat-
639 3071 707 3113 rouo,
717 3072 764 3114 roy.
772 3060 831 3103 Dior.
841 3058 932 3103 uuo·
942 3069 974 3107 lo.
985 3066 1070 3125 deum,

163 3127 450 3180 -12.apaoua,mino.-
465 3132 495 3171 la.
510 3135 586 3169 osoro-
640 3133 687 3176 roy.
706 3122 768 3165 lton.
791 3129 822 3165 ¹0.
841 3144 868 3153 -
887 3129 919 3167 17.
939 3126 1071 3186 bitumine,

114 3215 116 3218 -
163 3186 250 3239 sualua
259 3192 375 3240 evermor,
390 3186 499 3241 empteher
514 3187 541 3229 do
550 3195 585 3226 ro·
640 3195 693 3239 pour
704 3183 806 3225 l'allumer
816 3184 828 3225 ir
839 3183 959 3239 l'approeho
971 3187 1011 3232 des
1026 3204 1072 3236 en.

164 3257 261 3300 marquer
269 3258 308 3289 eon
320 3247 443 3303 entrepriso.
455 3252 522 3292 -llu
536 3250 587 3306 ¹¹⁴⁴?
641 3244 714 3288 nemis.
724 3264 751 3274 -
761 3251 895 3289 oeconoma
906 3256 929 3289 ae
941 3258 1046 3305 rapporte
1060 3258 1074 3299 a

164 3308 239 3359 nem,
255 3316 302 3361 vor.
312 3309 371 3355 Dte.
386 3308 446 3353 ΗΜ.
460 3315 585 3356 -1t.o⁰·
640 3307 763 3361 unimoy.
777 3307 840 3349 Rem.
850 3313 917 3351 tt-
932 3314 963 3353 lt.
975 3316 1003 3362 et,
1019 3326 1064 3371 roy
