2317 3500
143 119 200 180 sle

143 251 264 316 venisse,
296 245 421 320 quibus*
453 246 653 318 interceptum,
686 243 859 302 trucidatum
887 244 1067 315 aquodam

465 126 494 180 o.
525 125 619 176 cunri
642 128 717 172 surr
762 102 1064 192 [rnrnrnnrs324]

143 338 286 394 Thibrone
298 351 349 407 per
363 335 491 394 insidias.
512 335 576 408 »11]
593 333 645 390 His
658 334 752 397 laetus,
768 332 798 390 in
813 333 960 405 Europam
971 332 1068 405 traji-
1152 348 1153 355 ¹

144 425 235 484 ciendi
247 424 398 483 eonsilium
409 423 515 495 omisit3
527 425 577 480 sed
586 424 710 494 exsules,
724 427 829 494 praeter
837 439 887 478 eos
897 421 948 494 qni
959 421 1067 478 civili⁵
1152 450 1153 487 1

145 515 284 589 sanguine
305 515 431 588 adspersi
449 518 540 584 erant,
563 513 650 585 recipi
674 515 709 568 ab
731 513 865 570 omnibns
888 513 1065 568 Graecorum

146 605 316 673 civitatibus,
340 605 405 676 quis
424 604 500 676 pulsi
520 607 612 671 erant,
632 602 727 674 jussit.
746 603 779 675 [tl
794 603 830 658 Et
850 601 950 668 Graeoi,
977 602 1066 658 haud

146 690 208 747 ansi
217 689 370 762 imperium
383 688 540 760 aspernari,
552 704 725 760 quamquam
740 687 943 744 solvendarum
956 688 1066 758 legum

146 779 185 856 id
196 778 367 850 principium
380 793 443 834 esse
462 776 628 844 censebant,
645 777 721 834 hone
739 791 854 848 quoqne
874 791 938 847 qun
961 780 1066 831 exsta-

147 871 227 924 rent⁰
241 866 394 925 restituere
408 866 559 924 damnetis.
572 865 607 938 [6]
623 864 705 922 Soli¹
720 865 921 935 Athenienses,
937 881 1000 920 non
1014 864 1066 920 eui
1152 924 1153 929 1

149 957 244 1026 modo,
259 956 310 1012 sed
328 955 414 1013 etism
437 953 570 1027 publioe⁸
594 952 732 1022 vindices,
764 953 958 1011 colluvionem
981 954 1065 1009 ordi·

149 1047 239 1100 num⁹
262 1043 468 1115 hominumque
494 1058 569 1114 segre
593 1043 732 1111 ferebant,
750 1058 808 1098 non
829 1041 911 1114 regio
934 1041 1065 1111 imperio

150 1133 200 1190 sed
216 1131 329 1206 legibus
349 1132 534 1203 moribusque
554 1129 655 1201 patriis
672 1129 734 1202 regi
753 1129 870 1186 assueti.
893 1128 928 1200 [7]
954 1129 1067 1185 Prohi-

150 1221 237 1276 buere
262 1218 350 1292 igitur
373 1219 485 1276 exsules
507 1217 623 1286 sinibus,
653 1217 750 1272 omnia
775 1217 874 1288 potius
904 1217 1067 1273 toleraturi

151 1325 237 1382 quam
247 1312 270 1344 ¹⁰
288 1312 477 1380 purgamenta
487 1313 507 1342 ¹¹
528 1306 672 1386 quondam
690 1307 771 1362 urbis
790 1323 860 1374 suae,
879 1308 948 1362 tunc
971 1305 1067 1362 etiarn

152 1397 253 1464 exsilii,
268 1396 461 1451 admitterent.

188 1485 222 1557 [8]
239 1483 408 1553 Alexander,
431 1483 592 1540 senioribus
612 1485 736 1540 militnm
761 1484 790 1540 in
809 1484 931 1556 patriam
951 1485 1069 1540 remis-

153 1573 193 1630 sis
206 1575 237 1636 ¹¹,
259 1587 310 1626 xur
328 1571 418 1626 millio
431 1571 559 1643 pediturn
583 1578 613 1630 et
633 1592 653 1630 11
674 1573 765 1630 millia
780 1574 920 1648 equitum,
940 1591 1007 1646 quae
1033 1575 1067 1631 in
1152 1636 1153 1641 ἵ

154 1659 222 1714 Asis.
244 1657 390 1726 retineret,
413 1658 480 1731 eligi
497 1658 594 1731 jussit,
614 1661 780 1717 existimans
795 1661 906 1716 modico
931 1663 1068 1717 exercitu
1152 1650 1153 1663 ¹

154 1745 300 1804 continere
307 1764 390 1819 posse
400 1747 508 1819 Asiam,
520 1750 586 1821 quia
597 1750 729 1821 pluribus
739 1750 810 1807 loeis
819 1747 953 1820 praesidin
962 1750 1065 1821 dispo·

155 1836 270 1905 suisset,
285 1854 432 1912 nuperque
447 1838 575 1895 conditas
589 1840 676 1895 urbes
688 1840 798 1896 colonis
811 1839 959 1911 replesset,
975 1856 1033 1895 neo
1044 1847 1068 1877 ¹⁵

156 1945 202 1983 res
215 1926 352 1984 noreiro¹⁴
368 1926 556 1998 cupientibus,
571 1928 605 2003 [9]
623 1930 767 1994 Ceterum,
784 1930 953 2002 prinsquam
966 1946 1065 1987 exuer-

156 2021 237 2075 neret
246 2021 268 2055 ¹⁵
283 2032 356 2088 quos
366 2019 428 2073 eret
440 2020 618 2087 retenturus,
632 2018 720 2075 edixit
731 2022 765 2074 ut
779 2035 881 2076 omnes
900 2018 1009 2077 milites
1025 2039 1067 2079 ees

157 2107 281 2163 alienum
295 2105 506 2175 profiterentur.
529 2106 620 2163 Grave
633 2112 655 2145 ¹⁰
678 2107 822 2180 plerisque
835 2125 900 2165 esse
915 2125 1067 2181 compere-

158 2199 216 2263 rst3
226 2198 264 2264 et,
276 2210 448 2266 quamquam
462 2194 591 2267 ipsorum
605 2197 673 2252 luxu
684 2200 862 2255 contractum
874 2201 946 2268 erat,
957 2196 1067 2255 dissol-

159 2300 223 2339 vere
238 2286 333 2339 tamen
348 2284 408 2355 ipse
423 2284 597 2341 decreverat.
613 2284 733 2358 11011111,
754 2287 859 2343 tentari
877 2287 989 2357 ipsos¹⁷
1008 2289 1064 2345 rati

159 2388 214 2445 quo
230 2372 341 2426 facilius
355 2372 389 2426 ab
405 2370 556 2443 integris¹⁸
571 2378 755 2444 sumptuosos
767 2374 951 2442 discerneret,
968 2377 1066 2445 prola-

160 2502 294 2545 csnaires.-
304 2508 325 2557 l,
336 2504 420 2554 quiens
432 2508 466 2545 est
479 2504 520 2547 mis
531 2516 584 2559 pour

160 2576 174 2605 a
184 2562 286 2615 quibus,
300 2562 326 2605 de
342 2562 416 2615 meme,
430 2575 456 2605 su
472 2565 517 2617 fil,
531 2567 584 2617 quis

159 2633 192 2671 est
203 2639 257 2683 pour
271 2629 384 2681 equibus.
392 2650 418 2663 ·-
426 2635 445 2673 5.
456 2629 522 2673 dolls·
531 2638 585 2685 pour

160 2690 255 2733 civium.
267 2713 294 2721 -
307 2697 327 2738 s.
341 2703 390 2743 qun
402 2696 527 2744 onerarem,
547 2688 584 2745 qui

162 2752 273 2803 pouvaiont
296 2758 370 2796 restsr.
388 2776 413 2787 ·-
435 2760 453 2797 7.
482 2754 527 2795 solt
553 2757 586 2794 est

161 2812 257 2857 inesset:
267 2813 298 2857 les
305 2807 472 2858 Etoliensfirent
479 2814 585 2857 dsmlme.

163 2894 185 2905 -·
200 2881 220 2919 8.
237 2877 338 2929 publice,
355 2887 404 2929 roy.
418 2876 482 2917 [leni.
495 2881 540 2919 llo.
560 2898 585 2907 -

161 2938 181 2997 11.
192 2936 314 2989 ordinum,
323 2936 354 2978 los
366 2936 586 2991 classes,exprsssion

159 2996 216 3041 l¹l⁸le
227 3005 253 3037 en
263 2998 348 3051 parient
359 2998 398 3039 des
409 2997 519 3049 Romaim,
533 2999 588 3041 mais

167 3052 203 3103 qui
216 3062 241 3097 ne
248 3064 300 3111 peut
309 3058 407 3112 signilsr
416 3058 444 3101 iol
454 3070 494 3113 que
499 3061 587 3114 partis.

167 3131 192 3145 ·-
206 3116 240 3155 11).
246 3116 328 3165 polius
339 3117 588 3169 osom,ordinrirem0ut

635 2507 715 2559 potius
726 2519 798 2560 quam
804 2513 837 2553 ut.
844 2531 872 2540 —
880 2515 912 2553 11.
920 2520 1067 2564 purpamen-

637 2574 668 2620 la,
679 2581 728 2625 roy.
740 2571 805 2613 Rem.
814 2576 849 2615 ll.
865 2594 892 2601 —
906 2578 936 2615 12.
945 2573 1065 2626 remissis,

637 2630 724 2673 suirnnt
731 2631 823 2674 Diodoro
833 2633 909 2686 (XVII,
920 2635 965 2688 109)
975 2633 994 2675 le
1002 2645 1064 2677 norn-

638 2692 675 2735 brn
687 2693 724 2735 des
733 2694 832 2737 reterens
843 2693 957 2747 oongedies
968 2694 1066 2738 s'e'lereit

638 2755 650 2795 ὲ
662 2762 817 2807 loono-1³.
828 2768 877 2808 nec,
886 2768 935 2811 roy.
946 2757 1009 2799 Rem.
1020 2765 1064 2803 153.

638 2838 665 2847 -
678 2823 709 2861 ll.
720 2831 758 2861 res
772 2831 867 2871 novare,
885 2818 938 2861 laire
950 2831 992 2861 une
1005 2822 1065 2863 re'ro-

639 2879 716 2920 lution.
727 2902 754 2910 —-
764 2887 796 2924 15.
806 2886 946 2932 eoeeemeret
956 2886 1001 2923 mot
1011 2894 1064 2927 rnre.

639 2963 665 2970 —
688 2948 720 2984 ld.
741 2954 819 2997 meve,
847 2943 1003 2985 sous-entendu
1034 2958 1065 2988 ses

639 3000 752 3056 ottonum,
761 3002 846 3045 lourdes
855 3004 931 3045 dulles.
941 3027 967 3035 -
981 3011 1014 3049 11.
1029 3007 1066 3061 lp-

639 3074 686 3117 sos,
696 3076 744 3119 roy.
756 3065 820 3108 Rem.
831 3071 864 3110 e2.
877 3072 945 3109 -18.
957 3066 1063 3121 intem,

640 3124 677 3179 qui
691 3124 750 3168 n'ont
766 3138 804 3181 pes
824 3126 916 3181 deposed
931 3138 959 3170 nu
976 3127 1023 3170 dell
1040 3131 1065 3175 do
