2317 3500
343 181 523 230 neeuuoicu
545 179 705 235 omnious.
910 171 965 231 409

101 302 142 355 IX.
161 305 184 354 Β.
203 300 347 366 praeieotum
360 297 470 364 regionis
482 293 536 363 ejus
545 297 650 348 Bessum
659 309 746 361 regem
754 295 874 360 temporis
884 298 965 362 gratie

68 380 234 425 statuamus:
252 372 327 422 rebus
341 370 493 436 compositis]
515 370 646 436 praeieotus
666 368 775 432 regionis
793 367 856 433 ejus,
876 370 966 420 Bessus

68 445 154 509 regni,
168 442 287 507 temporis
299 440 387 505 gratie,
400 453 501 504 compos
511 441 561 490 sit:
576 438 598 487 is
608 437 890 503 justoJ.-1t.rebus;
903 453 963 489 mss.

69 515 154 577 regis;
165 514 240 563 rebus
248 511 366 576 gerendis
378 511 415 560 nl.

100 585 143 634 xi.
163 585 199 636 10.
217 582 319 632 eludunt
333 596 372 630 me
385 581 451 646 licet,
462 581 553 646 quibus
565 579 628 629 iorie
641 580 732 628 temere
745 577 854 627 humana
866 579 966 643 negotia

68 655 139 703 volvi
152 654 244 717 agique
255 665 402 716 persuasum
419 657 476 702 est:
496 652 613 714 equidem
628 650 677 698 isto
687 648 835 698 crediderim
851 663 965 714 nexuque

70 723 248 786 causarum...]
261 722 363 772 eludent
368 737 408 771 me
416 721 483 779 iicet,
493 721 586 785 quibus
594 718 657 768 sorte
666 722 759 767 temere
768 717 878 768 humano
888 733 965 783 nego-

70 795 109 843 tia
126 791 192 842 voivi
209 793 300 855 agique
315 805 462 856 persuasum
476 797 523 849 est,
539 805 585 840 neo
602 788 667 838 serie
679 803 793 852 nexuque
803 802 963 838 causarum...

70 877 218 926 percurrere
230 878 235 912 :
247 862 337 912 Darius
349 867 414 912 certe
427 862 456 912 D.

103 935 166 983 iiiii.
184 934 206 984 1.
224 934 290 997 quod
303 932 410 998 petebat]
424 933 490 996 quod
505 932 606 996 patebat
617 930 643 980 iu
664 929 769 980 Mediam
785 930 812 980 P.
833 955 863 967 -·
879 932 902 980 3.
917 945 966 980 non

72 1004 192 1068 equidem
204 1003 325 1067 vinctum]
338 1002 454 1066 equidem
468 1003 554 1052 vivum
564 1001 588 1052 J.

414 1193 555 1257 LIVRE
584 1191 633 1257 VI

107 1382 126 1430 i.
144 1383 182 1432 ti.
193 1381 262 1446 prius
275 1384 358 1432 iernen
371 1379 470 1430 finitum
487 1377 533 1444 esi]
547 1376 617 1441 prius
628 1379 711 1427 iumen
724 1389 774 1426 nou
790 1375 879 1426 initum
893 1377 967 1427 esti.

109 1451 139 1500 li.
156 1454 178 1500 6.
192 1449 351 1515 nobiliorum]
365 1450 519 1501 nobiliorem.
531 1449 558 1498 Α.
571 1475 604 1485 -
620 1450 657 1498 13.
674 1446 752 1497 elium
765 1446 875 1514 amnem]
890 1446 968 1496 ultum

81 1535 182 1570 quinem
192 1522 215 1573 J·
857 1517 861 1525 ’

108 1593 148 1640 iii.
166 1594 188 1640 8.
206 1591 294 1656 etqui]
314 1592 357 1641 sed
375 1591 418 1655 qui
430 1593 457 1641 Α.
470 1618 501 1628 -
518 1592 555 1642 10.
578 1590 636 1639 iilos
652 1589 796 1657 sequentur]
807 1587 967 1655 sinequeutur

78 1662 105 1710 P.
124 1661 286 1724 insequentur
301 1663 329 1710 D.

109 1732 148 1785 lv.
168 1735 204 1787 15.
222 1736 317 1783 nature
335 1732 384 1783 situ
402 1729 513 1782 diiiioiiis
529 1729 599 1779 aditu
612 1728 692 1795 reoio]
710 1733 798 1779 nature
814 1729 878 1780 situs
903 1730 968 1780 diiii·

80 1804 135 1853 oilis
147 1804 225 1855 aditu.
240 1805 300 1854 d.-
314 1806 351 1855 16.
367 1818 419 1867 quo
431 1802 488 1866 duo]
503 1800 591 1850 duod.

110 1875 148 1923 lV.
163 1877 199 1925 19.
218 1875 346 1939 ingruens]
361 1874 450 1937 ingens
461 1872 489 1921 Α.
503 1897 533 1907 -
545 1868 667 1933 clausum]
681 1869 797 1934 Caspium
809 1869 837 1918 Α.

111 1945 139 1993 i'.
157 1949 194 1995 ll.
210 1945 303 2007 valide]
316 1944 402 1994 multo.
414 1944 441 1992 H.

112 2016 149 2065 i'i.
160 2018 182 2065 3.
194 2014 332 2080 ornaverat]
347 2013 529 2064 oneraveratd.
544 2013 624 2063 -10Ι
640 2015 697 2059 tum
712 2024 770 2059 oum
784 2008 900 2073 maxime]
916 2023 970 2059 cum

82 2084 196 2135 maxime.
210 2087 247 2136 d.-

112 2156 160 2207 tii.
177 2159 215 2207 28.
228 2161 280 2209 tum
295 2172 338 2207 rex
350 2154 493 2220 identidem]
508 2168 550 2203 rex
562 2153 651 2203 iterum
663 2152 710 2200 iiu.

112 2224 149 2274 ix.
161 2229 183 2276 i.
199 2226 369 2292 indignatione
381 2225 508 2289 expressa]
525 2221 696 2287 indignatione
706 2232 801 2285 pressa.
815 2218 844 2270 i).
855 2246 884 2256 -
892 2221 930 2271 26.
941 2232 970 2268 ne

84 2309 152 2344 rorum
165 2297 266 2360 quidem
279 2299 322 2347 sed
332 2297 396 2362 jam]
409 2309 458 2345 non
470 2309 540 2344 reum
553 2294 655 2357 quidem
667 2292 711 2339 sed
724 2290 809 2339 etism.
822 2289 850 2339 D.

113 2367 140 2415 X.
153 2368 191 2416 26.
205 2368 290 2434 fateor,
303 2369 346 2417 sed
360 2366 425 2431 regi]
442 2366 520 2414 fateor
530 2363 594 2426 regi.
605 2362 634 2410 Α.

115 2436 151 2485 ΧΙ.
168 2441 191 2487 3.
209 2440 304 2501 omnes]
322 2438 405 2487 omnis
425 2437 452 2485 P.
473 2462 504 2473 -
523 2436 546 2484 5.
568 2446 635 2482 nune
657 2445 701 2480 eur
721 2429 804 2494 veliet]
830 2444 895 2480 nunc
916 2444 972 2481 euru

86 2506 146 2555 voiio
160 2508 182 2557 J.
194 2512 268 2560 —30.
283 2510 349 2573 quod
361 2506 491 2571 poaesentis
505 2505 607 2554 sceleris
618 2517 707 2566 expers
716 2503 780 2567 sum]
792 2504 859 2566 quod
872 2516 974 2566 prorsus

87 2578 184 2627 sceleris
201 2594 288 2644 expers
307 2592 362 2627 sum
379 2580 427 2627 idss
448 2578 478 2626 de
496 2578 584 2625 Berue.
603 2602 635 2612 —
647 2577 686 2624 37.
705 2574 819 2624 Philoton
833 2574 903 2637 jam]
918 2574 974 2622 Phi·

89 2648 191 2697 letand.
208 2676 238 2686 -
251 2651 290 2701 40.
304 2648 369 2699 dom
379 2646 479 2712 auceps]
491 2660 591 2710 anceps.
602 2647 630 2694 A.
663 2655 666 2663 ’

413 2840 553 2903 Livuu
582 2836 651 2902 VH

122 2998 138 3049 i.
153 3002 190 3050 29.
207 3014 239 3049 on
251 3014 301 3049 non
316 2997 497 3063 propemodum
515 2996 542 3045 in
557 3000 601 3046 tue
615 2992 692 3042 verbu
711 2992 748 3043 tui
767 2994 863 3054 omnes]
887 2989 910 3040 si
929 3004 977 3061 nou

94 3070 265 3136 propemodum
276 3075 319 3119 tuo
329 3068 405 3117 verbo
419 3072 528 3116 erratum
540 3071 587 3129 est,
599 3076 687 3113 omues
699 3062 738 3112 W.

122 3139 149 3191 il.
165 3144 203 3192 28.
220 3141 253 3209 et]
266 3147 291 3191 et
301 3142 330 3192 d.
346 3166 376 3177 -
390 3141 429 3191 33.
441 3142 468 3187 ut
474 3136 584 3201 juvenis]
592 3133 694 3199 juvenis
703 3134 732 3183 Α.
816 3164 819 3169 -
