<?xml version="1.0" encoding="UTF-8"?>
<!DOCTYPE html PUBLIC "-//W3C//DTD XHTML 1.0 Transitional//EN"
    "http://www.w3.org/TR/xhtml1/DTD/xhtml1-transitional.dtd">
<html xmlns="http://www.w3.org/1999/xhtml" xml:lang="en" lang="en">
 <head>
  <title>
</title>
<meta http-equiv="Content-Type" content="text/html;charset=utf-8" />
  <meta name='ocr-system' content='tesseract 3.04.00' />
  <meta name='ocr-capabilities' content='ocr_page ocr_carea ocr_par ocr_line ocrx_word'/>
</head>
<body>
  <div class='ocr_page' id='page_1' title='image "./qcurtiirufihist00vogegoog_0078.png"; bbox 0 0 2317 3500; ppageno 0'>
   <div class='ocr_carea' id='block_1_1' title="bbox 179 111 1075 216">
    <p class='ocr_par' dir='ltr' id='par_1_1' title="bbox 179 111 1075 216">
     <span class='ocr_line' id='line_1_1' title="bbox 179 111 1075 216; baseline -0.002 -21"><span class='ocrx_word' id='word_1_1' title='bbox 179 141 215 196; x_wconf 83' lang='grc'>62</span> <span class='ocrx_word' id='word_1_2' title='bbox 501 148 531 200; x_wconf 89' lang='lat' dir='ltr'>o.</span> <span class='ocrx_word' id='word_1_3' title='bbox 554 147 646 192; x_wconf 74' lang='lat' dir='ltr'>curari</span> <span class='ocrx_word' id='word_1_4' title='bbox 668 147 742 192; x_wconf 83' lang='lat' dir='ltr'>nuri</span> <span class='ocrx_word' id='word_1_5' title='bbox 912 129 983 214; x_wconf 71' lang='lat' dir='ltr'>[brt</span> <span class='ocrx_word' id='word_1_6' title='bbox 1001 111 1075 216; x_wconf 86' lang='grc'>332]</span> 
     </span>
    </p>
   </div>
   <div class='ocr_carea' id='block_1_2' title="bbox 176 262 1078 870">
    <p class='ocr_par' dir='ltr' id='par_1_2' title="bbox 176 262 1078 870">
     <span class='ocr_line' id='line_1_2' title="bbox 176 262 1077 339; baseline 0 -16"><span class='ocrx_word' id='word_1_7' title='bbox 176 267 284 339; x_wconf 77' lang='lat' dir='ltr'>iactum</span> <span class='ocrx_word' id='word_1_8' title='bbox 298 267 404 334; x_wconf 86' lang='lat' dir='ltr'>essent,</span> <span class='ocrx_word' id='word_1_9' title='bbox 418 265 545 336; x_wconf 87' lang='lat' dir='ltr'>duasque</span> <span class='ocrx_word' id='word_1_10' title='bbox 565 265 661 318; x_wconf 87' lang='lat' dir='ltr'>turres</span> <span class='ocrx_word' id='word_1_11' title='bbox 676 277 709 318; x_wconf 87' lang='lat' dir='ltr'>ex</span> <span class='ocrx_word' id='word_1_12' title='bbox 727 262 819 334; x_wconf 87' lang='lat' dir='ltr'>capite</span> <span class='ocrx_word' id='word_1_13' title='bbox 838 262 923 320; x_wconf 87' lang='lat' dir='ltr'>molis</span> <span class='ocrx_word' id='word_1_14' title='bbox 936 266 1036 337; x_wconf 85' lang='lat' dir='ltr'>erexit,</span> <span class='ocrx_word' id='word_1_15' title='bbox 1060 285 1077 323; x_wconf 87' lang='lat' dir='ltr'>e</span> 
     </span>
     <span class='ocr_line' id='line_1_3' title="bbox 178 350 1078 428; baseline 0.001 -18"><span class='ocrx_word' id='word_1_16' title='bbox 178 354 282 428; x_wconf 91' lang='lat' dir='ltr'>quibus</span> <span class='ocrx_word' id='word_1_17' title='bbox 290 355 319 410; x_wconf 92' lang='lat' dir='ltr'>in</span> <span class='ocrx_word' id='word_1_18' title='bbox 328 355 482 410; x_wconf 87' lang='lat' dir='ltr'>subeuntes</span> <span class='ocrx_word' id='word_1_19' title='bbox 490 353 608 424; x_wconf 81' lang='lat' dir='ltr'>scaphas</span> <span class='ocrx_word' id='word_1_20' title='bbox 621 352 679 408; x_wconf 91' lang='lat' dir='ltr'>tela</span> <span class='ocrx_word' id='word_1_21' title='bbox 691 350 783 424; x_wconf 82' lang='lat' dir='ltr'>ingeri</span> <span class='ocrx_word' id='word_1_22' title='bbox 794 357 920 424; x_wconf 80' lang='lat' dir='ltr'><strong>possent.</strong></span> <span class='ocrx_word' id='word_1_23' title='bbox 932 354 984 427; x_wconf 77' lang='lat'><strong>[24]</strong></span> <span class='ocrx_word' id='word_1_24' title='bbox 1000 356 1078 411; x_wconf 86' lang='lat' dir='ltr'>Cou-</span> 
     </span>
     <span class='ocr_line' id='line_1_4' title="bbox 177 428 1078 516; baseline 0 -16"><span class='ocrx_word' id='word_1_25' title='bbox 177 448 222 500; x_wconf 89' lang='lat' dir='ltr'>tra</span> <span class='ocrx_word' id='word_1_26' title='bbox 244 443 319 516; x_wconf 79' lang='lat' dir='ltr'>l&#39;yrii</span> <span class='ocrx_word' id='word_1_27' title='bbox 333 428 446 516; x_wconf 78' lang='lat' dir='ltr'>navigia</span> <span class='ocrx_word' id='word_1_28' title='bbox 468 444 565 513; x_wconf 91' lang='lat' dir='ltr'>procul</span> <span class='ocrx_word' id='word_1_29' title='bbox 586 458 603 498; x_wconf 90' lang='lat' dir='ltr'>a</span> <span class='ocrx_word' id='word_1_30' title='bbox 623 443 774 511; x_wconf 88' lang='lat' dir='ltr'>conspectu</span> <span class='ocrx_word' id='word_1_31' title='bbox 796 441 923 497; x_wconf 89' lang='lat' dir='ltr'>bostium</span> <span class='ocrx_word' id='word_1_32' title='bbox 935 444 1012 500; x_wconf 91' lang='lat' dir='ltr'>litori</span> <span class='ocrx_word' id='word_1_33' title='bbox 1028 463 1078 516; x_wconf 93' lang='lat' dir='ltr'>ap-</span> 
     </span>
     <span class='ocr_line' id='line_1_5' title="bbox 177 527 1076 603; baseline 0.001 -16"><span class='ocrx_word' id='word_1_34' title='bbox 177 532 297 602; x_wconf 92' lang='lat' dir='ltr'>pellunt,</span> <span class='ocrx_word' id='word_1_35' title='bbox 313 530 503 603; x_wconf 80' lang='lat' dir='ltr'>expositisque</span> <span class='ocrx_word' id='word_1_36' title='bbox 526 528 674 596; x_wconf 58' lang='lat' dir='ltr'>militibus»,</span> <span class='ocrx_word' id='word_1_37' title='bbox 694 539 743 584; x_wconf 83' lang='lat' dir='ltr'>e&#39;os</span> <span class='ocrx_word' id='word_1_38' title='bbox 761 527 811 601; x_wconf 91' lang='lat' dir='ltr'>qui</span> <span class='ocrx_word' id='word_1_39' title='bbox 826 545 893 585; x_wconf 82' lang='lat' dir='ltr'>saxa</span> <span class='ocrx_word' id='word_1_40' title='bbox 913 532 1076 602; x_wconf 77' lang='lat' dir='ltr'>gestabant,</span> 
     </span>
     <span class='ocr_line' id='line_1_6' title="bbox 179 618 1078 691; baseline 0.002 -16"><span class='ocrx_word' id='word_1_41' title='bbox 179 621 357 677; x_wconf 89' lang='lat' dir='ltr'>obtruncant.</span> <span class='ocrx_word' id='word_1_42' title='bbox 375 620 407 676; x_wconf 93' lang='lat' dir='ltr'>ln</span> <span class='ocrx_word' id='word_1_43' title='bbox 430 620 536 676; x_wconf 90' lang='lat' dir='ltr'>Libano</span> <span class='ocrx_word' id='word_1_44' title='bbox 551 633 665 691; x_wconf 88' lang='lat' dir='ltr'>quoque</span> <span class='ocrx_word' id='word_1_45' title='bbox 682 618 808 673; x_wconf 80' lang='lat' dir='ltr'>Arabum</span> <span class='ocrx_word' id='word_1_46' title='bbox 837 625 1006 691; x_wconf 80' lang='lat' dir='ltr'>agrostcs⁴³,</span> <span class='ocrx_word' id='word_1_47' title='bbox 1034 621 1078 677; x_wconf 90' lang='lat' dir='ltr'>in-</span> 
     </span>
     <span class='ocr_line' id='line_1_7' title="bbox 179 705 1078 789; baseline 0.003 -26"><span class='ocrx_word' id='word_1_48' title='bbox 179 709 350 780; x_wconf 88' lang='lat' dir='ltr'>compositos</span> <span class='ocrx_word' id='word_1_49' title='bbox 364 709 532 764; x_wconf 91' lang='lat' dir='ltr'>Macedonas</span> <span class='ocrx_word' id='word_1_50' title='bbox 549 705 654 769; x_wconf 79' lang='lat' dir='ltr'>adorti.</span> <span class='ocrx_word' id='word_1_51' title='bbox 672 722 726 762; x_wconf 86' lang='lat' dir='ltr'>xxx</span> <span class='ocrx_word' id='word_1_52' title='bbox 739 706 798 763; x_wconf 85' lang='lat' dir='ltr'>iere</span> <span class='ocrx_word' id='word_1_53' title='bbox 806 705 993 789; x_wconf 82' lang='lat' dir='ltr'>interficiunt,</span> <span class='ocrx_word' id='word_1_54' title='bbox 1007 725 1078 780; x_wconf 93' lang='lat' dir='ltr'>pau·</span> 
     </span>
     <span class='ocr_line' id='line_1_8' title="bbox 179 798 447 870; baseline 0 -16"><span class='ocrx_word' id='word_1_55' title='bbox 179 798 302 856; x_wconf 85' lang='lat' dir='ltr'>rioribus</span> <span class='ocrx_word' id='word_1_56' title='bbox 316 799 404 870; x_wconf 90' lang='lat' dir='ltr'>captis</span> <span class='ocrx_word' id='word_1_57' title='bbox 413 803 447 854; x_wconf 79' lang='lat'>⁴⁴.</span> 
     </span>
    </p>
   </div>
   <div class='ocr_carea' id='block_1_3' title="bbox 472 956 773 1024">
    <p class='ocr_par' dir='ltr' id='par_1_3' title="bbox 472 956 773 1024">
     <span class='ocr_line' id='line_1_9' title="bbox 472 956 773 1024; baseline 0 -18"><span class='ocrx_word' id='word_1_58' title='bbox 472 956 541 1007; x_wconf 83' lang='lat' dir='ltr'>suita</span> <span class='ocrx_word' id='word_1_59' title='bbox 552 956 587 1006; x_wconf 93' lang='lat' dir='ltr'>du</span> <span class='ocrx_word' id='word_1_60' title='bbox 599 956 668 1024; x_wconf 70' lang='lat' dir='ltr'>siege</span> <span class='ocrx_word' id='word_1_61' title='bbox 682 958 712 1007; x_wconf 91' lang='lat' dir='ltr'>de</span> <span class='ocrx_word' id='word_1_62' title='bbox 725 958 773 1020; x_wconf 72' lang='lat' dir='ltr'>&#39;l&#39;yr</span> 
     </span>
    </p>
   </div>
   <div class='ocr_carea' id='block_1_4' title="bbox 177 1081 1083 2922">
    <p class='ocr_par' dir='ltr' id='par_1_4' title="bbox 178 1081 1082 1423">
     <span class='ocr_line' id='line_1_10' title="bbox 214 1081 1077 1158; baseline 0.002 -18"><span class='ocrx_word' id='word_1_63' title='bbox 214 1083 263 1142; x_wconf 93' lang='lat' dir='ltr'>lll.</span> <span class='ocrx_word' id='word_1_64' title='bbox 286 1085 318 1158; x_wconf 87' lang='lat'>[1]</span> <span class='ocrx_word' id='word_1_65' title='bbox 336 1083 376 1139; x_wconf 90' lang='lat' dir='ltr'>Ea</span> <span class='ocrx_word' id='word_1_66' title='bbox 395 1099 442 1140; x_wconf 87' lang='lat' dir='ltr'>res</span> <span class='ocrx_word' id='word_1_67' title='bbox 454 1084 645 1139; x_wconf 87' lang='lat' dir='ltr'>Alexandrum</span> <span class='ocrx_word' id='word_1_68' title='bbox 664 1082 789 1138; x_wconf 89' lang='lat' dir='ltr'>dividere</span> <span class='ocrx_word' id='word_1_69' title='bbox 802 1081 898 1153; x_wconf 92' lang='lat' dir='ltr'>copias</span> <span class='ocrx_word' id='word_1_70' title='bbox 910 1082 1018 1155; x_wconf 84' lang='lat' dir='ltr'>coegit3</span> <span class='ocrx_word' id='word_1_71' title='bbox 1034 1090 1077 1152; x_wconf 90' lang='lat' dir='ltr'>et,</span> 
     </span>
     <span class='ocr_line' id='line_1_11' title="bbox 178 1170 1080 1247; baseline -0.002 -16"><span class='ocrx_word' id='word_1_72' title='bbox 178 1191 215 1231; x_wconf 91' lang='lat' dir='ltr'>ne</span> <span class='ocrx_word' id='word_1_73' title='bbox 226 1172 352 1247; x_wconf 82' lang='lat' dir='ltr'>segniter</span> <span class='ocrx_word' id='word_1_74' title='bbox 367 1172 493 1228; x_wconf 87' lang='lat' dir='ltr'>assidere</span> <span class='ocrx_word' id='word_1_75' title='bbox 509 1170 558 1226; x_wconf 89' lang='lat' dir='ltr'>uni</span> <span class='ocrx_word' id='word_1_76' title='bbox 572 1170 637 1226; x_wconf 88' lang='lat' dir='ltr'>urbi</span> <span class='ocrx_word' id='word_1_77' title='bbox 651 1170 807 1239; x_wconf 83' lang='lat' dir='ltr'>videretur,</span> <span class='ocrx_word' id='word_1_78' title='bbox 827 1170 906 1242; x_wconf 90' lang='lat' dir='ltr'>operi</span> <span class='ocrx_word' id='word_1_79' title='bbox 921 1171 1080 1229; x_wconf 89' lang='lat' dir='ltr'>Perdiccan</span> 
     </span>
     <span class='ocr_line' id='line_1_12' title="bbox 180 1258 1082 1333; baseline 0 -14"><span class='ocrx_word' id='word_1_80' title='bbox 180 1263 391 1333; x_wconf 81' lang='lat' dir='ltr'>Crateronque¹</span> <span class='ocrx_word' id='word_1_81' title='bbox 410 1258 536 1332; x_wconf 82' lang='lat' dir='ltr'>praefecit</span> <span class='ocrx_word' id='word_1_82' title='bbox 550 1279 556 1314; x_wconf 92' lang='lat'>:</span> <span class='ocrx_word' id='word_1_83' title='bbox 572 1259 634 1330; x_wconf 90' lang='lat' dir='ltr'>ipse</span> <span class='ocrx_word' id='word_1_84' title='bbox 654 1275 718 1315; x_wconf 90' lang='lat' dir='ltr'>cum</span> <span class='ocrx_word' id='word_1_85' title='bbox 739 1259 869 1332; x_wconf 87' lang='lat' dir='ltr'>expedita</span> <span class='ocrx_word' id='word_1_86' title='bbox 889 1276 977 1316; x_wconf 92' lang='lat' dir='ltr'>manu</span> <span class='ocrx_word' id='word_1_87' title='bbox 1003 1261 1082 1319; x_wconf 84' lang='lat' dir='ltr'>Ara-</span> 
     </span>
     <span class='ocr_line' id='line_1_13' title="bbox 179 1351 797 1423; baseline -0.002 -16"><span class='ocrx_word' id='word_1_88' title='bbox 179 1353 256 1408; x_wconf 90' lang='lat' dir='ltr'>biam</span> <span class='ocrx_word' id='word_1_89' title='bbox 270 1351 361 1423; x_wconf 91' lang='lat' dir='ltr'>petiit.</span> <span class='ocrx_word' id='word_1_90' title='bbox 794 1355 797 1360; x_wconf 83' lang='lat'>&#39;</span> 
     </span>
    </p>

    <p class='ocr_par' dir='ltr' id='par_1_5' title="bbox 177 1435 1083 2922">
     <span class='ocr_line' id='line_1_14' title="bbox 215 1435 1082 1512; baseline 0.002 -18"><span class='ocrx_word' id='word_1_91' title='bbox 215 1440 247 1512; x_wconf 90' lang='grc'>[2]</span> <span class='ocrx_word' id='word_1_92' title='bbox 265 1439 341 1494; x_wconf 90' lang='lat' dir='ltr'>Inter</span> <span class='ocrx_word' id='word_1_93' title='bbox 363 1439 431 1504; x_wconf 84' lang='lat' dir='ltr'>baec,</span> <span class='ocrx_word' id='word_1_94' title='bbox 449 1436 525 1509; x_wconf 68' lang='lat' dir='ltr'>Tprii</span> <span class='ocrx_word' id='word_1_95' title='bbox 540 1454 642 1493; x_wconf 88' lang='lat' dir='ltr'>navem</span> <span class='ocrx_word' id='word_1_96' title='bbox 657 1435 854 1509; x_wconf 83' lang='lat' dir='ltr'>magnitudine</span> <span class='ocrx_word' id='word_1_97' title='bbox 869 1438 981 1503; x_wconf 84' lang='lat' dir='ltr'>eximia,</span> <span class='ocrx_word' id='word_1_98' title='bbox 1001 1438 1082 1496; x_wconf 83' lang='lat' dir='ltr'>saxis</span> 
     </span>
     <span class='ocr_line' id='line_1_15' title="bbox 180 1525 1081 1599; baseline 0 -16"><span class='ocrx_word' id='word_1_99' title='bbox 180 1544 321 1599; x_wconf 88' lang='lat' dir='ltr'>arenaque</span> <span class='ocrx_word' id='word_1_100' title='bbox 341 1525 456 1597; x_wconf 90' lang='lat' dir='ltr'>apuppi</span> <span class='ocrx_word' id='word_1_101' title='bbox 471 1530 630 1596; x_wconf 77' lang='lat' dir='ltr'>oneratam,</span> <span class='ocrx_word' id='word_1_102' title='bbox 651 1525 692 1581; x_wconf 90' lang='lat' dir='ltr'>ita</span> <span class='ocrx_word' id='word_1_103' title='bbox 705 1529 737 1581; x_wconf 92' lang='lat' dir='ltr'>ut</span> <span class='ocrx_word' id='word_1_104' title='bbox 757 1527 880 1582; x_wconf 92' lang='lat' dir='ltr'>multum</span> <span class='ocrx_word' id='word_1_105' title='bbox 900 1542 985 1597; x_wconf 88' lang='lat' dir='ltr'>prora</span> <span class='ocrx_word' id='word_1_106' title='bbox 1005 1527 1081 1583; x_wconf 88' lang='lat' dir='ltr'>emi-</span> 
     </span>
     <span class='ocr_line' id='line_1_16' title="bbox 180 1611 1080 1685; baseline 0.002 -15"><span class='ocrx_word' id='word_1_107' title='bbox 180 1617 269 1682; x_wconf 84' lang='lat' dir='ltr'>neret,</span> <span class='ocrx_word' id='word_1_108' title='bbox 279 1613 460 1670; x_wconf 86' lang='lat' dir='ltr'>bitumineae</span> <span class='ocrx_word' id='word_1_109' title='bbox 470 1613 607 1684; x_wconf 90' lang='lat' dir='ltr'>sulphure</span> <span class='ocrx_word' id='word_1_110' title='bbox 622 1611 734 1677; x_wconf 89' lang='lat' dir='ltr'>illitam,</span> <span class='ocrx_word' id='word_1_111' title='bbox 745 1612 832 1668; x_wconf 86' lang='lat' dir='ltr'>remis</span> <span class='ocrx_word' id='word_1_112' title='bbox 849 1614 1080 1685; x_wconf 71' lang='lat' dir='ltr'>concitaverunt,</span> 
     </span>
     <span class='ocr_line' id='line_1_17' title="bbox 181 1702 1080 1776; baseline 0.002 -15"><span class='ocrx_word' id='word_1_113' title='bbox 181 1709 218 1775; x_wconf 91' lang='lat' dir='ltr'>et,</span> <span class='ocrx_word' id='word_1_114' title='bbox 230 1721 292 1761; x_wconf 90' lang='lat' dir='ltr'>cum</span> <span class='ocrx_word' id='word_1_115' title='bbox 313 1719 447 1775; x_wconf 87' lang='lat' dir='ltr'>magnam</span> <span class='ocrx_word' id='word_1_116' title='bbox 468 1702 526 1759; x_wconf 88' lang='lat' dir='ltr'>vim</span> <span class='ocrx_word' id='word_1_117' title='bbox 544 1702 623 1759; x_wconf 84' lang='lat' dir='ltr'>venti</span> <span class='ocrx_word' id='word_1_118' title='bbox 643 1704 706 1760; x_wconf 89' lang='lat' dir='ltr'>vela</span> <span class='ocrx_word' id='word_1_119' title='bbox 724 1708 857 1776; x_wconf 82' lang='lat' dir='ltr'>quoque¹</span> <span class='ocrx_word' id='word_1_120' title='bbox 872 1703 1080 1776; x_wconf 81' lang='lat' dir='ltr'>concepissent,</span> 
     </span>
     <span class='ocr_line' id='line_1_18' title="bbox 181 1792 1080 1866; baseline -0.002 -14"><span class='ocrx_word' id='word_1_121' title='bbox 181 1794 310 1852; x_wconf 81' lang='lat' dir='ltr'>celeriter</span> <span class='ocrx_word' id='word_1_122' title='bbox 323 1794 358 1849; x_wconf 91' lang='lat' dir='ltr'>ad</span> <span class='ocrx_word' id='word_1_123' title='bbox 372 1795 476 1850; x_wconf 90' lang='lat' dir='ltr'>molem</span> <span class='ocrx_word' id='word_1_124' title='bbox 487 1792 638 1849; x_wconf 89' lang='lat' dir='ltr'>successit:</span> <span class='ocrx_word' id='word_1_125' title='bbox 649 1792 682 1865; x_wconf 87' lang='lat'>[3]</span> <span class='ocrx_word' id='word_1_126' title='bbox 696 1796 769 1857; x_wconf 91' lang='lat' dir='ltr'>tum,</span> <span class='ocrx_word' id='word_1_127' title='bbox 780 1809 866 1864; x_wconf 88' lang='lat' dir='ltr'>prora</span> <span class='ocrx_word' id='word_1_128' title='bbox 873 1794 935 1866; x_wconf 88' lang='lat' dir='ltr'>ejus</span> <span class='ocrx_word' id='word_1_129' title='bbox 950 1810 1080 1865; x_wconf 90' lang='lat' dir='ltr'>accensa,</span> 
     </span>
     <span class='ocr_line' id='line_1_19' title="bbox 180 1881 1081 1955; baseline -0.001 -16"><span class='ocrx_word' id='word_1_130' title='bbox 180 1884 304 1955; x_wconf 86' lang='lat' dir='ltr'>remiges</span> <span class='ocrx_word' id='word_1_131' title='bbox 325 1882 465 1939; x_wconf 89' lang='lat' dir='ltr'>desiluere</span> <span class='ocrx_word' id='word_1_132' title='bbox 484 1881 514 1937; x_wconf 95' lang='lat' dir='ltr'>in</span> <span class='ocrx_word' id='word_1_133' title='bbox 534 1881 652 1952; x_wconf 87' lang='lat' dir='ltr'>scaphas</span> <span class='ocrx_word' id='word_1_134' title='bbox 680 1897 743 1952; x_wconf 86' lang='lat' dir='ltr'>quae</span> <span class='ocrx_word' id='word_1_135' title='bbox 762 1881 798 1936; x_wconf 94' lang='lat' dir='ltr'>ad</span> <span class='ocrx_word' id='word_1_136' title='bbox 816 1881 870 1937; x_wconf 91' lang='lat' dir='ltr'>boc</span> <span class='ocrx_word' id='word_1_137' title='bbox 889 1883 984 1954; x_wconf 92' lang='lat' dir='ltr'>ipsum</span> <span class='ocrx_word' id='word_1_138' title='bbox 1002 1899 1081 1954; x_wconf 84' lang='lat' dir='ltr'>prae-</span> 
     </span>
     <span class='ocr_line' id='line_1_20' title="bbox 179 1967 1082 2043; baseline -0.002 -15"><span class='ocrx_word' id='word_1_139' title='bbox 179 1975 283 2043; x_wconf 84' lang='lat' dir='ltr'>paratae</span> <span class='ocrx_word' id='word_1_140' title='bbox 295 1971 498 2042; x_wconf 81' lang='lat' dir='ltr'>sequebantur.</span> <span class='ocrx_word' id='word_1_141' title='bbox 516 1967 604 2023; x_wconf 90' lang='lat' dir='ltr'>Navis</span> <span class='ocrx_word' id='word_1_142' title='bbox 618 1970 726 2037; x_wconf 88' lang='lat' dir='ltr'>autem,</span> <span class='ocrx_word' id='word_1_143' title='bbox 742 1967 809 2041; x_wconf 85' lang='lat' dir='ltr'>igne</span> <span class='ocrx_word' id='word_1_144' title='bbox 825 1972 971 2040; x_wconf 89' lang='lat' dir='ltr'>concepto,</span> <span class='ocrx_word' id='word_1_145' title='bbox 992 1969 1082 2027; x_wconf 90' lang='lat' dir='ltr'>latius</span> 
     </span>
     <span class='ocr_line' id='line_1_21' title="bbox 179 2056 1081 2129; baseline 0 -15"><span class='ocrx_word' id='word_1_146' title='bbox 179 2061 298 2115; x_wconf 87' lang='lat' dir='ltr'>fundora</span> <span class='ocrx_word' id='word_1_147' title='bbox 322 2057 484 2114; x_wconf 89' lang='lat' dir='ltr'>incendium</span> <span class='ocrx_word' id='word_1_148' title='bbox 502 2056 596 2127; x_wconf 88' lang='lat' dir='ltr'>coepit,</span> <span class='ocrx_word' id='word_1_149' title='bbox 613 2056 699 2128; x_wconf 92' lang='lat' dir='ltr'>quod,</span> <span class='ocrx_word' id='word_1_150' title='bbox 720 2056 888 2128; x_wconf 89' lang='lat' dir='ltr'>priusquam</span> <span class='ocrx_word' id='word_1_151' title='bbox 909 2061 1007 2129; x_wconf 87' lang='lat' dir='ltr'>posset</span> <span class='ocrx_word' id='word_1_152' title='bbox 1028 2075 1081 2115; x_wconf 91' lang='lat' dir='ltr'>oc-</span> 
     </span>
     <span class='ocr_line' id='line_1_22' title="bbox 180 2142 1083 2216; baseline 0.002 -17"><span class='ocrx_word' id='word_1_153' title='bbox 180 2145 281 2216; x_wconf 78' lang='lat' dir='ltr'>curri⁵,</span> <span class='ocrx_word' id='word_1_154' title='bbox 298 2148 393 2201; x_wconf 87' lang='lat' dir='ltr'>turres</span> <span class='ocrx_word' id='word_1_155' title='bbox 410 2148 439 2201; x_wconf 90' lang='lat' dir='ltr'>et</span> <span class='ocrx_word' id='word_1_156' title='bbox 455 2146 548 2200; x_wconf 89' lang='lat' dir='ltr'>cetera</span> <span class='ocrx_word' id='word_1_157' title='bbox 563 2158 649 2213; x_wconf 89' lang='lat' dir='ltr'>opera</span> <span class='ocrx_word' id='word_1_158' title='bbox 661 2142 690 2197; x_wconf 93' lang='lat' dir='ltr'>in</span> <span class='ocrx_word' id='word_1_159' title='bbox 705 2142 795 2213; x_wconf 90' lang='lat' dir='ltr'>capite</span> <span class='ocrx_word' id='word_1_160' title='bbox 804 2144 889 2200; x_wconf 92' lang='lat' dir='ltr'>molis</span> <span class='ocrx_word' id='word_1_161' title='bbox 898 2145 992 2216; x_wconf 88' lang='lat' dir='ltr'>posita</span> <span class='ocrx_word' id='word_1_162' title='bbox 1004 2162 1083 2201; x_wconf 91' lang='lat' dir='ltr'>ccm-</span> 
     </span>
     <span class='ocr_line' id='line_1_23' title="bbox 180 2230 1081 2307; baseline 0.001 -18"><span class='ocrx_word' id='word_1_163' title='bbox 180 2234 338 2305; x_wconf 89' lang='lat' dir='ltr'>prehendit.</span> <span class='ocrx_word' id='word_1_164' title='bbox 356 2234 389 2307; x_wconf 77' lang='lat' dir='ltr'>[t]</span> <span class='ocrx_word' id='word_1_165' title='bbox 406 2232 500 2307; x_wconf 83' lang='lat' dir='ltr'>Atqui</span> <span class='ocrx_word' id='word_1_166' title='bbox 515 2230 693 2288; x_wconf 89' lang='lat' dir='ltr'>desiluerant</span> <span class='ocrx_word' id='word_1_167' title='bbox 706 2231 736 2287; x_wconf 91' lang='lat' dir='ltr'>in</span> <span class='ocrx_word' id='word_1_168' title='bbox 750 2248 839 2303; x_wconf 88' lang='lat' dir='ltr'>parva</span> <span class='ocrx_word' id='word_1_169' title='bbox 851 2233 974 2306; x_wconf 82' lang='lat' dir='ltr'>navigia,</span> <span class='ocrx_word' id='word_1_170' title='bbox 991 2233 1081 2307; x_wconf 84' lang='lat' dir='ltr'>iaces,</span> 
     </span>
     <span class='ocr_line' id='line_1_24' title="bbox 180 2319 1081 2395; baseline 0.003 -18"><span class='ocrx_word' id='word_1_171' title='bbox 180 2325 209 2377; x_wconf 88' lang='lat' dir='ltr'>et</span> <span class='ocrx_word' id='word_1_172' title='bbox 226 2322 361 2395; x_wconf 93' lang='lat' dir='ltr'>quicquid</span> <span class='ocrx_word' id='word_1_173' title='bbox 385 2324 485 2378; x_wconf 89' lang='lat' dir='ltr'>alendo</span> <span class='ocrx_word' id='word_1_174' title='bbox 510 2320 569 2392; x_wconf 83' lang='lat' dir='ltr'>igni</span> <span class='ocrx_word' id='word_1_175' title='bbox 590 2324 689 2392; x_wconf 90' lang='lat' dir='ltr'>aptum</span> <span class='ocrx_word' id='word_1_176' title='bbox 708 2324 780 2389; x_wconf 88' lang='lat' dir='ltr'>erat,</span> <span class='ocrx_word' id='word_1_177' title='bbox 805 2319 835 2377; x_wconf 91' lang='lat' dir='ltr'>in</span> <span class='ocrx_word' id='word_1_178' title='bbox 861 2322 961 2378; x_wconf 91' lang='lat' dir='ltr'>eadem</span> <span class='ocrx_word' id='word_1_179' title='bbox 991 2338 1081 2394; x_wconf 87' lang='lat' dir='ltr'>opera</span> 
     </span>
     <span class='ocr_line' id='line_1_25' title="bbox 180 2408 1081 2482; baseline 0.006 -19"><span class='ocrx_word' id='word_1_180' title='bbox 180 2409 326 2482; x_wconf 83' lang='lat' dir='ltr'>ingerunt.</span> <span class='ocrx_word' id='word_1_181' title='bbox 350 2409 470 2481; x_wconf 87' lang='lat' dir='ltr'>Jamque</span> <span class='ocrx_word' id='word_1_182' title='bbox 490 2426 547 2465; x_wconf 90' lang='lat' dir='ltr'>non</span> <span class='ocrx_word' id='word_1_183' title='bbox 568 2410 654 2465; x_wconf 91' lang='lat' dir='ltr'>modo</span> <span class='ocrx_word' id='word_1_184' title='bbox 675 2409 744 2465; x_wconf 76' lang='lat' dir='ltr'>tmae</span> <span class='ocrx_word' id='word_1_185' title='bbox 766 2408 953 2466; x_wconf 87' lang='lat' dir='ltr'>Macedonum</span> <span class='ocrx_word' id='word_1_186' title='bbox 971 2414 1081 2482; x_wconf 90' lang='lat' dir='ltr'>turres,</span> 
     </span>
     <span class='ocr_line' id='line_1_26' title="bbox 181 2497 1079 2570; baseline 0.003 -17"><span class='ocrx_word' id='word_1_187' title='bbox 181 2499 231 2553; x_wconf 89' lang='lat' dir='ltr'>sed</span> <span class='ocrx_word' id='word_1_188' title='bbox 253 2498 338 2555; x_wconf 90' lang='lat' dir='ltr'>etiam</span> <span class='ocrx_word' id='word_1_189' title='bbox 359 2514 471 2553; x_wconf 91' lang='lat' dir='ltr'>summa</span> <span class='ocrx_word' id='word_1_190' title='bbox 489 2497 618 2553; x_wconf 89' lang='lat' dir='ltr'>tabulata</span> <span class='ocrx_word' id='word_1_191' title='bbox 637 2501 824 2568; x_wconf 89' lang='lat' dir='ltr'>conceperant</span> <span class='ocrx_word' id='word_1_192' title='bbox 839 2497 945 2569; x_wconf 81' lang='lat' dir='ltr'>ignem,</span> <span class='ocrx_word' id='word_1_193' title='bbox 961 2515 1028 2555; x_wconf 93' lang='lat' dir='ltr'>cum</span> <span class='ocrx_word' id='word_1_194' title='bbox 1047 2500 1079 2570; x_wconf 90' lang='lat' dir='ltr'>ii,</span> 
     </span>
     <span class='ocr_line' id='line_1_27' title="bbox 181 2575 1080 2660; baseline 0.002 -18"><span class='ocrx_word' id='word_1_195' title='bbox 181 2586 229 2658; x_wconf 93' lang='lat' dir='ltr'>qui</span> <span class='ocrx_word' id='word_1_196' title='bbox 254 2575 283 2643; x_wconf 86' lang='lat' dir='ltr'>in</span> <span class='ocrx_word' id='word_1_197' title='bbox 311 2587 440 2642; x_wconf 89' lang='lat' dir='ltr'>turribus</span> <span class='ocrx_word' id='word_1_198' title='bbox 470 2589 568 2655; x_wconf 90' lang='lat' dir='ltr'>erant,</span> <span class='ocrx_word' id='word_1_199' title='bbox 593 2584 698 2656; x_wconf 86' lang='lat' dir='ltr'>partim</span> <span class='ocrx_word' id='word_1_200' title='bbox 723 2586 910 2642; x_wconf 86' lang='lat' dir='ltr'>haurirentur</span> <span class='ocrx_word' id='word_1_201' title='bbox 936 2586 1080 2660; x_wconf 90' lang='lat' dir='ltr'>incendio,</span> 
     </span>
     <span class='ocr_line' id='line_1_28' title="bbox 177 2673 1078 2748; baseline 0.002 -15"><span class='ocrx_word' id='word_1_202' title='bbox 177 2677 295 2748; x_wconf 86' lang='lat' dir='ltr'>partim,</span> <span class='ocrx_word' id='word_1_203' title='bbox 311 2676 398 2732; x_wconf 88' lang='lat' dir='ltr'>armis</span> <span class='ocrx_word' id='word_1_204' title='bbox 421 2674 543 2742; x_wconf 86' lang='lat' dir='ltr'>omissis,</span> <span class='ocrx_word' id='word_1_205' title='bbox 567 2673 597 2727; x_wconf 92' lang='lat' dir='ltr'>iu</span> <span class='ocrx_word' id='word_1_206' title='bbox 618 2689 696 2729; x_wconf 90' lang='lat' dir='ltr'>mare</span> <span class='ocrx_word' id='word_1_207' title='bbox 717 2673 862 2744; x_wconf 89' lang='lat' dir='ltr'>semetipsi</span> <span class='ocrx_word' id='word_1_208' title='bbox 877 2675 1078 2735; x_wconf 88' lang='lat' dir='ltr'>immitterent.</span> 
     </span>
     <span class='ocr_line' id='line_1_29' title="bbox 183 2762 1081 2836; baseline 0.007 -19"><span class='ocrx_word' id='word_1_209' title='bbox 183 2764 216 2835; x_wconf 84' lang='grc'>[5]</span> <span class='ocrx_word' id='word_1_210' title='bbox 235 2765 270 2819; x_wconf 79' lang='lat' dir='ltr'>tt</span> <span class='ocrx_word' id='word_1_211' title='bbox 284 2762 371 2836; x_wconf 88' lang='lat' dir='ltr'>Tyrii,</span> <span class='ocrx_word' id='word_1_212' title='bbox 394 2763 443 2835; x_wconf 93' lang='lat' dir='ltr'>qui</span> <span class='ocrx_word' id='word_1_213' title='bbox 465 2778 564 2833; x_wconf 88' lang='lat' dir='ltr'>capere</span> <span class='ocrx_word' id='word_1_214' title='bbox 585 2778 634 2817; x_wconf 87' lang='lat' dir='ltr'>ecs</span> <span class='ocrx_word' id='word_1_215' title='bbox 657 2779 744 2833; x_wconf 88' lang='lat' dir='ltr'>quam</span> <span class='ocrx_word' id='word_1_216' title='bbox 768 2762 928 2819; x_wconf 88' lang='lat' dir='ltr'>interficere</span> <span class='ocrx_word' id='word_1_217' title='bbox 952 2767 1081 2835; x_wconf 91' lang='lat' dir='ltr'>mallent,</span> 
     </span>
     <span class='ocr_line' id='line_1_30' title="bbox 182 2840 1083 2922; baseline 0.007 -17"><span class='ocrx_word' id='word_1_218' title='bbox 182 2840 342 2907; x_wconf 84' lang='lat' dir='ltr'>natantium</span> <span class='ocrx_word' id='word_1_219' title='bbox 361 2868 464 2906; x_wconf 90' lang='lat' dir='ltr'>manus</span> <span class='ocrx_word' id='word_1_220' title='bbox 483 2846 628 2919; x_wconf 89' lang='lat' dir='ltr'>stipitibus</span> <span class='ocrx_word' id='word_1_221' title='bbox 647 2849 779 2922; x_wconf 84' lang='lat' dir='ltr'>saxisque</span> <span class='ocrx_word' id='word_1_222' title='bbox 797 2850 971 2920; x_wconf 89' lang='lat' dir='ltr'>lacerabant,</span> <span class='ocrx_word' id='word_1_223' title='bbox 992 2856 1083 2911; x_wconf 89' lang='lat' dir='ltr'>donec</span> 
     </span>
    </p>
   </div>
   <div class='ocr_carea' id='block_1_5' title="bbox 181 3004 1084 3181">
    <p class='ocr_par' dir='ltr' id='par_1_6' title="bbox 181 3004 1084 3181">
     <span class='ocr_line' id='line_1_31' title="bbox 181 3004 1082 3066; baseline 0 -21"><span class='ocrx_word' id='word_1_224' title='bbox 181 3006 338 3060; x_wconf 75' lang='lat' dir='ltr'>cnoutrcplus3</span> <span class='ocrx_word' id='word_1_225' title='bbox 349 3016 397 3059; x_wconf 77' lang='lat' dir='ltr'>roy.</span> <span class='ocrx_word' id='word_1_226' title='bbox 405 3004 468 3047; x_wconf 82' lang='lat' dir='ltr'>Rem.</span> <span class='ocrx_word' id='word_1_227' title='bbox 478 3008 522 3045; x_wconf 75' lang='lat' dir='ltr'>tta.</span> <span class='ocrx_word' id='word_1_228' title='bbox 531 3021 556 3031; x_wconf 95' lang='lat'><em>-</em></span> <span class='ocrx_word' id='word_1_229' title='bbox 564 3006 599 3044; x_wconf 77' lang='grc'>43.</span> <span class='ocrx_word' id='word_1_230' title='bbox 679 3005 714 3049; x_wconf 90' lang='lat' dir='ltr'>lli.</span> <span class='ocrx_word' id='word_1_231' title='bbox 726 3012 744 3049; x_wconf 87' lang='lat' dir='ltr'>t.</span> <span class='ocrx_word' id='word_1_232' title='bbox 754 3005 891 3052; x_wconf 63' lang='lat' dir='ltr'>Pmdtceoa.</span> <span class='ocrx_word' id='word_1_233' title='bbox 900 3005 1023 3062; x_wconf 72' lang='lat' dir='ltr'>Crateron,</span> <span class='ocrx_word' id='word_1_234' title='bbox 1033 3021 1082 3066; x_wconf 63' lang='lat' dir='ltr'>my,</span> 
     </span>
     <span class='ocr_line' id='line_1_32' title="bbox 181 3063 1084 3125; baseline -0.013 -17"><span class='ocrx_word' id='word_1_235' title='bbox 181 3065 288 3109; x_wconf 78' lang='lat' dir='ltr'>Arabum</span> <span class='ocrx_word' id='word_1_236' title='bbox 300 3063 601 3121; x_wconf 54' lang='lat' dir='ltr'>westmroystemdt-</span> <span class='ocrx_word' id='word_1_237' title='bbox 653 3066 716 3107; x_wconf 72' lang='lat' dir='ltr'>Ram.</span> <span class='ocrx_word' id='word_1_238' title='bbox 733 3074 746 3109; x_wconf 84' lang='lat'>2</span> <span class='ocrx_word' id='word_1_239' title='bbox 763 3078 775 3107; x_wconf 70' lang='grc' dir='ltr'><strong><em>ο</em></strong></span> <span class='ocrx_word' id='word_1_240' title='bbox 793 3070 815 3107; x_wconf 64' lang='lat' dir='ltr'>at</span> <span class='ocrx_word' id='word_1_241' title='bbox 831 3073 842 3109; x_wconf 85' lang='lat'>⁷</span> <span class='ocrx_word' id='word_1_242' title='bbox 861 3068 881 3109; x_wconf 89' lang='lat' dir='ltr'>b.</span> <span class='ocrx_word' id='word_1_243' title='bbox 899 3086 927 3098; x_wconf 87' lang='grc'>..</span> <span class='ocrx_word' id='word_1_244' title='bbox 943 3076 963 3110; x_wconf 82' lang='lat'>2.</span> <span class='ocrx_word' id='word_1_245' title='bbox 984 3082 1084 3125; x_wconf 43' lang='lat' dir='ltr'>W,</span> 
     </span>
     <span class='ocr_line' id='line_1_33' title="bbox 182 3125 1083 3181; baseline -0.006 -12"><span class='ocrx_word' id='word_1_246' title='bbox 182 3125 600 3181; x_wconf 72' lang='lat' dir='ltr'>tt-peacctors&#39;buscoptie,v.ltem.125.</span> <span class='ocrx_word' id='word_1_247' title='bbox 653 3136 701 3179; x_wconf 76' lang='lat' dir='ltr'>roy.</span> <span class='ocrx_word' id='word_1_248' title='bbox 713 3126 776 3168; x_wconf 84' lang='lat' dir='ltr'>Rem.</span> <span class='ocrx_word' id='word_1_249' title='bbox 793 3132 837 3169; x_wconf 76' lang='lat'>154.</span> <span class='ocrx_word' id='word_1_250' title='bbox 849 3149 876 3158; x_wconf 96' lang='lat'>-</span> <span class='ocrx_word' id='word_1_251' title='bbox 892 3134 911 3173; x_wconf 82' lang='lat' dir='ltr'>a.</span> <span class='ocrx_word' id='word_1_252' title='bbox 926 3133 1030 3181; x_wconf 63' lang='lat' dir='ltr'>ouum,</span> <span class='ocrx_word' id='word_1_253' title='bbox 1041 3132 1083 3178; x_wconf 67' lang='lat' dir='ltr'>inf,</span> 
     </span>
    </p>
   </div>
   <div class='ocr_carea' id='block_1_6' title="bbox 0 0 1171 3500">
    <p class='ocr_par' dir='ltr' id='par_1_7' title="bbox 0 0 1171 3500">
     <span class='ocr_line' id='line_1_34' title="bbox 0 0 1171 3500; baseline 0 0"><span class='ocrx_word' id='word_1_254' title='bbox 0 0 1171 3500; x_wconf 95' lang='lat' dir='ltr'> </span> 
     </span>
    </p>
   </div>
  </div>
 </body>
</html>
