2317 3500
147 201 184 254 86
471 213 500 263 o.
523 212 614 256 cuum
638 214 709 256 uum
833 204 950 282 [rurus.
969 198 1040 285 331]
1113 224 1118 231 ·

147 326 276 399 pluribus
299 343 384 398 quam
408 341 509 398 capere
531 330 629 397 posset
650 327 801 400 impositis.
826 331 923 404 ltaque
946 351 1043 392 mersa

147 417 227 473 navis
243 432 343 473 omnes
356 415 493 473 destituit.
508 415 542 490 [8]
556 415 670 488 hieotor,
684 419 732 475 diu
745 417 854 476 flumini
867 423 1041 496 obluctatus,

147 523 212 562 oum
233 506 351 563 medens
372 507 460 564 vestis
479 511 507 564 et
521 507 648 562 adstricti
663 507 818 580 crepidis¹⁸
838 510 923 581 pedes
940 515 1042 569 natare

147 594 343 668 prohiberent,
363 595 392 651 in
416 595 507 667 ripam
520 599 615 651 tamen
635 595 809 652 semianimis
823 597 926 667 evasit3
947 603 985 670 et,
1008 606 1043 658 ut

147 683 272 756 primum
287 683 423 756 fatigatus
435 682 567 754 spiritum
580 681 693 750 taxavit,
710 700 794 755 quem
809 688 902 740 metus
922 690 950 742 et
967 687 1044 757 peri,-

147 775 243 830 culum
264 773 467 840 intenderatfl,
490 771 568 826 nullo
591 771 741 843 adjuvante
766 773 924 845 —quippe
950 773 979 829 in
997 775 1047 831 di-

147 878 262 918 versum
276 862 425 917 evaserant
438 857 485 915 alii
497 889 531 900 —
545 859 722 915 exanimatus
736 862 789 915 est.
806 859 840 932 [9]
857 859 962 916 Amissi
981 861 1046 934 ejus

149 948 288 1006 desiderio
302 949 483 1004 vehementer
503 947 633 1004 adflictus
652 951 735 1016 est¹⁸,
756 951 957 1022 repertumque
978 966 1047 1006 eor-

148 1053 202 1110 pus
216 1036 366 1110 magnifico
381 1036 480 1092 extulit
494 1037 593 1093 funere
602 1040 634 1090 ¹⁹.

185 1125 236 1198 [10]
253 1124 388 1181 Oneravit
397 1129 421 1161 ²⁰
434 1125 510 1180 hune
530 1125 657 1179 dotorem
675 1123 792 1180 nuntius
813 1123 914 1180 mortis
932 1125 1050 1180 Andro-

149 1214 253 1282 machi,
278 1231 363 1287 quem
384 1213 548 1286 praeieeerat
572 1211 661 1283 Syriae
675 1230 681 1264 :
697 1211 793 1267 vivum
813 1211 961 1267 Samaritae
986 1229 1052 1271 ore-

149 1305 304 1358 maverant.
337 1302 380 1356 Ad
412 1300 492 1372 eujus
523 1299 670 1356 interitum
697 1299 913 1370 vindicandum,
939 1307 1051 1373 quauta

150 1389 271 1446 maxime
281 1395 304 1425 ²¹
326 1389 469 1445 eeleritate
491 1388 595 1459 potuit,
618 1388 800 1457 contendit²¹;
828 1388 1051 1462 advenientique

150 1478 321 1535 sunttraditi
331 1478 402 1533 tanti
415 1477 528 1533 sceleris
538 1477 934 1550 auctores.[ll]Andromaoho
945 1479 1052 1538 deinde

151 1567 300 1622 Menona²⁵
314 1565 470 1638 substituit,
490 1564 661 1637 adiectisque
670 1570 695 1602 ²⁴
715 1565 852 1637 supplicio
875 1565 922 1638 qui
946 1573 1054 1638 praeto-

152 1672 212 1712 rem
225 1654 436 1724 interemerant,
453 1658 590 1726 tyrannos
603 1686 639 1695 —
659 1653 733 1710 inter
753 1669 824 1726 quos
846 1655 1054 1727 Methymnaeo-

152 1760 216 1800 rum
230 1742 422 1800 Aristonicum
437 1746 465 1800 et
481 1741 711 1817 Chrysolaum-
720 1740 903 1815 popularibus
918 1741 977 1799 suis
989 1746 1054 1802 tra-

153 1832 241 1888 didit:
263 1848 335 1905 quos
350 1831 390 1887 iili
405 1833 440 1888 ob
453 1830 571 1904 injurias
587 1834 677 1887 tortos
692 1832 872 1887 necaverunt.

190 1918 241 1991 [12]
257 1918 471 1974 Atheniensium
490 1918 603 1986 deinde,
617 1916 794 1973 Rhodiorum
806 1920 834 1973 et
858 1914 995 1972 Chiorum
1011 1918 1057 1977 le-

155 2011 239 2080 gatos
254 2006 343 2062 audit.
358 2006 546 2062 Athenienses
558 2004 707 2061 victoriam
723 2004 952 2076 gratulabantur,
964 2008 1004 2074 et,
1020 2014 1058 2067 ut

154 2095 256 2168 captivi
273 2095 466 2150 Graecorum¹⁸
475 2093 537 2149 suis
551 2092 781 2162 restituerentur,
796 2092 933 2148 orabant:
948 2092 1058 2154 Rhodii

155 2188 183 2240 et
197 2183 259 2240 Chii
274 2184 309 2241 de
324 2181 485 2254 praesidio²⁰
500 2182 702 2253 querebantur.
721 2180 838 2250 Omnes,
850 2195 931 2251 aequa
941 2180 1055 2239 deside-

154 2289 219 2329 rare
243 2272 307 2340 visi,
337 2270 571 2341 impetraverunt.
603 2270 655 2343 [13]
681 2268 848 2341 Mitylenaeis
874 2285 987 2341 quoque
1016 2272 1055 2328 ob

156 2360 300 2431 egregiam
315 2360 343 2415 in
358 2362 480 2431 partes²t
494 2358 589 2429 fidem,
600 2362 629 2414 et
642 2356 788 2429 pecuniam
801 2373 887 2429 quam
901 2356 929 2412 iu
944 2358 1056 2416 beilum

156 2449 353 2521 'mpeuderant
369 2448 501 2517 reddidit,
524 2451 553 2503 et
571 2462 705 2518 magnam
725 2445 870 2517 regionem
885 2444 989 2501 finibus
1005 2463 1058 2504 eo-

156 2553 221 2593 rum
240 2535 351 2609 adjecit.
370 2536 422 2609 [lt]
447 2536 616 2608 Cypriorum
638 2550 750 2608 quoque
773 2533 900 2607 regibus,
924 2534 974 2606 qui
996 2538 1059 2593 eta

157 2625 243 2683 Dario
262 2624 423 2682 deiecerant
438 2626 473 2680 ad
495 2624 589 2695 ipsum
610 2627 638 2680 et
657 2621 832 2696 oppugnanti
847 2623 953 2693 Tyrum
969 2622 1061 2681 mise-

158 2716 225 2769 rant
234 2711 366 2780 classem,
382 2726 434 2782 pro
449 2710 551 2765 merito
565 2710 657 2765 boues
673 2708 787 2764 habitus
802 2711 855 2763 est.

158 2834 579 2889 aeo.-re.mptue,voy.utoa1rut.
634 2844 744 2887 rarepour
759 2842 830 2884 quum
844 2830 961 2873 memnon.
975 2854 1002 2862 -
1024 2841 1064 2878 22.

157 2922 186 2933 -
197 2906 230 2946 tt.
243 2898 341 2949 mauu,
358 2897 499 2949 intenderat,
516 2896 582 2937 mus
634 2895 758 2947 menda,
770 2892 868 2947 suppleas
878 2893 907 2934 tu
915 2892 1021 2945 Syriam.
1034 2918 1067 2929 —

158 2961 236 3016 phoras
249 2959 383 3015 empruutees
399 2970 427 3000 au
441 2958 470 2999 tir
481 2957 506 2999 de
521 2957 581 3002 l'nc.
634 2964 667 3002 28.
688 2957 796 3009 Menneu,
818 2966 865 3009 roy.
891 2955 955 2997 Aen.
968 2960 1012 2999 dt.
1034 2980 1068 2993 .-

159 3044 186 3053 -
197 3030 230 3067 tt.
242 3022 353 3077 odfitetua
369 3025 408 3072 eut,
422 3019 579 3073 suppleam.
635 3024 668 3063 2¹1.
681 3018 787 3070 adsum,
804 3028 852 3071 roy.
870 3017 934 3060 uun.
954 3022 979 3061 et
996 3018 1019 3061 b.
1035 3044 1067 3053 —-

159 3105 186 3113 -
209 3090 242 3128 1⁹.
264 3084 355 3135 sumo,
377 3093 425 3136 roy.
445 3081 504 3123 θέοι.
522 3079 580 3123 um.
635 3088 669 3126 25.
687 3078 774 3133 captiui
800 3076 938 3129 drudorum,
961 3082 1011 3121 tous
1031 3080 1069 3127 les

160 3150 230 3187 -2u.
240 3144 352 3195 maed,
362 3142 493 3187 ubst-Adire
505 3143 580 3185 auxit.
636 3142 712 3197 raptits
720 3150 789 3193 green.
802 3158 826 3171 -
841 3143 874 3183 26.
893 3139 922 3181 do
934 3140 1068 3197 praetuta,

161 3226 188 3236 —-
199 3212 233 3248 2¹.
252 3209 340 3257 quanta
357 3204 469 3258 marimo,
488 3203 582 3247 tecutieu
637 3202 662 3245 de
672 3203 728 3246 leurs
736 3196 928 3254 gunnoris-ar.
938 3200 964 3242 tn
969 3207 1068 3256 parta,
