2317 3500
469 151 498 201 o.
523 149 617 194 cunrr
639 147 715 190 surr
832 220 837 230 ί
882 127 964 209 [brie
986 132 1069 212 325]

236 355 348 406 L'ocesn.
365 383 394 394 ·-
407 355 520 419 Dangers
536 366 586 417 que
599 354 705 401 courcut
719 350 756 400 les
769 350 956 400 Macedonicus.

178 507 224 564 lX.
232 507 265 580 [1]
275 505 315 562 lbi
331 506 439 563 diutius
449 503 606 560 subsistere
617 501 818 573 coactus,quia
826 503 913 558 duces
921 508 941 572 ¹,
953 519 1069 562 socor-

144 598 208 654 dius
223 597 371 666 asservati,
383 595 580 668 profugerant,
596 590 677 648 misit
683 592 732 665 qui
742 591 948 664 conquirerent
960 595 1046 652 alios
1058 618 1064 650 :

144 703 195 743 nec
214 687 364 760 repertis²,
376 683 506 758 pervicax
527 683 630 755 cupido
645 680 756 738 visendi
772 682 928 751 Oceanum,
942 684 1066 739 adeun-

144 775 228 850 dique
248 775 386 832 terminos
401 772 510 843 mundi,
524 771 587 828 sino
599 769 726 843 regionis
736 769 854 842 peritis³
864 769 1064 846 flumini⁴ig-

144 871 211 922 noto
223 868 308 937 caput
326 879 410 920 suum
424 865 523 934 totque
538 860 763 917 fortissimorum
781 859 911 915 virorum
926 861 1063 917 salutem

145 954 309 1026 permittere
323 949 472 1026 compulit.
498 949 531 1022 [2]
554 947 734 1022 Navigabant
750 963 830 1020 crgo,
846 948 980 1004 omnium
1004 967 1063 1021 per

148 1061 210 1116 quae
235 1043 399 1098 serebantur
421 1039 523 1114 ignari.
555 1039 701 1104 Quantum
728 1037 795 1093 inde
820 1037 935 1093 abesset
959 1057 1060 1110 mare,

148 1150 210 1205 quae
228 1136 328 1206 gentes
348 1132 483 1198 colerent,
502 1145 588 1201 quarn
611 1127 754 1198 placidum
778 1126 871 1182 amnis
895 1143 940 1194 os,
964 1145 1063 1200 quam

145 1221 255 1292 patiens
274 1222 425 1292 longarum
437 1217 568 1274 naviumi
580 1220 667 1286 essct,
682 1231 785 1289 anceps
798 1219 827 1272 et
838 1232 912 1272 caeca
924 1215 1062 1274 aestima-

145 1309 185 1364 tio
204 1308 414 1379 augurabatur6
431 1329 437 1362 ι
454 1307 487 1378 [3]
504 1323 594 1362 unum
613 1309 675 1363 crat
702 1305 874 1362 temeritatis
898 1307 1059 1381 solacium,

144 1399 281 1468 perpetua
306 1395 435 1452 felicitas.
459 1395 524 1450 lam
547 1411 613 1452 cccc
631 1395 723 1450 stadia
748 1401 960 1467 processerant,
985 1415 1060 1455 cum

145 1486 362 1557 gubernatores,
373 1482 615 1556 agnoscereipsos
628 1501 728 1540 auram
742 1484 842 1554 maris,
857 1486 975 1542 ethaud
984 1476 1060 1560 pro-

145 1574 190 1628 cul
203 1571 293 1629 videri
307 1571 362 1628 sibi
377 1573 521 1628 Oceanum
534 1573 645 1637 abesse,
661 1573 788 1629 indicant
805 1573 877 1647 regi.

181 1661 213 1734 [t]
237 1661 329 1718 Laetus
347 1661 394 1720 ille
412 1661 522 1718 hortari
536 1661 666 1719 nauticos
676 1669 686 1700 ⁷
698 1663 782 1735 coepit
795 1663 998 1723 incumberent
1012 1684 1060 1725 re-

145 1768 223 1807 mis:
245 1752 371 1811 «adesse
389 1752 474 1809 linem
489 1751 605 1824 laberio,
621 1751 754 1809 omnibus
777 1752 852 1809 votis
874 1754 1053 1826 expetitum

142 1840 202 1913 jam
225 1839 296 1896 nihil
311 1841 408 1913 gloriae
424 1842 533 1909 deesse,
549 1840 620 1896 nihil
644 1840 757 1895 obstare
771 1840 882 1912 virtuti,
905 1842 968 1898 sine
989 1848 1055 1903 ullo

146 1930 245 1986 Martis
266 1930 438 1997 discrimine,
454 1930 516 1985 sine
539 1928 688 2001 sanguine,
702 1928 802 1986 orbem
814 1932 917 1986 terrae⁸
935 1932 972 1989 ab
990 1932 1056 1992 illis

146 2017 235 2088 capi:
269 2034 304 2073 ne
330 2022 462 2075 naturam
488 2016 605 2088 quidem
630 2016 746 2088 longius
767 2034 852 2090 posse
881 2023 1054 2091 procedere,

145 2105 223 2161 brevi
236 2106 391 2179 incognita,
402 2105 458 2161 nisi
472 2105 693 2175 immortalibus,
705 2106 899 2165 essorisuros.
910 2110 968 2184 »[5]
978 2112 1056 2170 Peu-

145 2211 193 2250 cos
214 2200 310 2251 tamen
327 2194 439 2269 navigio
458 2194 554 2265 emisit
570 2195 600 2251 in
621 2195 723 2269 ripam,
743 2196 792 2269 qui
807 2202 938 2270 agrestes
959 2217 1054 2275 vagos

145 2284 346 2355 exciperent,o
367 2284 470 2357 quibus
491 2284 614 2341 certiora
636 2284 715 2341 nosci
728 2301 813 2358 posse
827 2286 971 2359 sperabat.
993 2288 1053 2363 Illi,

146 2372 263 2427 scrutati
300 2372 397 2428 omnia
435 2373 561 2447 tuguria,
585 2373 701 2429 tandem
734 2375 856 2432 latentes
883 2384 1052 2449 repperere.

147 2458 179 2531 [6]
205 2458 269 2527 Qui,
292 2458 460 2534 interrogati
479 2480 564 2536 quam
583 2464 682 2535 procul
701 2462 814 2520 abesset
836 2481 1054 2540 mare,respon-

145 2547 274 2602 derunt«
289 2550 400 2604 nullum
419 2550 496 2622 ipsos
509 2568 589 2607 mare
601 2567 637 2607 ne
652 2552 726 2607 lama
740 2551 856 2623 quidem
870 2554 1052 2630 accepisse⁹;

171 2699 208 2741 lx.
223 2707 241 2744 ε.
261 2701 338 2752 duces,
352 2700 383 2743 les
399 2701 486 2754 guidae.
502 2723 529 2733 —
540 2709 562 2743 2.
618 2702 711 2757 iecturcr
721 2703 834 2757 qued'uue
845 2703 939 2747 muniere
950 2716 1054 2761 vagueet

144 2762 251 2813 repertis,
267 2761 366 2817 supple'ez
380 2763 424 2813 ¹3⁸5
440 2774 488 2816 roy.
501 2764 565 2805 Rem.
619 2764 707 2807 obscure
719 2776 726 2807 z
737 2770 793 2808 cette
805 2767 997 2820 personuillcation
1010 2772 1053 2815 d'i-

145 2824 364 2877 oub.-3.peritis‚
377 2824 565 2877 vopllcmdlc.
619 2825 669 2868 dees
687 2825 800 2868 abstultas
830 2831 864 2869 cst
891 2829 934 2871 lon
965 2830 1052 2884 bardis,

144 2884 318 2937 -nstmntnt
342 2884 372 2925 Le
391 2882 458 2925 sssuve
475 2885 527 2927 dont
548 2885 565 2927 il
620 2886 674 2929 mais
704 2899 747 2930 nou
781 2900 833 2931 sem
865 2891 963 2945 exemplo
995 2894 1053 2939 daus

144 2950 176 2987 est
192 2945 290 2997 question
311 2944 339 2986 ici
363 2949 395 2987 ast
420 2946 515 2989 lindos.
538 2968 566 2979 -
618 2948 644 2998 Q.
663 2947 739 2992 Carra.
758 2970 787 2981 -·
806 2956 831 2995 t.
858 2953 977 3004 melicos,
998 2963 1052 3009 roy,

145 3011 164 3047 t.
181 3004 308 3058 longorem
321 3005 427 3059 nemum,
441 3019 488 3060 roy.
504 3006 564 3049 Dira
621 3007 683 3052 Reos.
691 3014 727 3054 lt.
738 3030 764 3041 -
784 3017 806 3055 ε.
815 3012 897 3055 mm
907 3017 985 3066 una,
996 3025 1050 3071 roy.

141 3066 566 3119 llar.-o.amopmttmecto...au-
619 3071 681 3113 Hm.
692 3076 721 3117 lo
734 3082 758 3114 ε.
776 3092 805 3103 -
822 3078 844 3118 9.
863 3072 960 3117 auom
977 3087 1052 3121 mre

142 3128 281 3187 moialem
298 3128 326 3175 its
342 3140 368 3173 oe
382 3129 497 3187 pouraieot
515 3142 565 3173 ecu-
618 3136 742 3194 acceptam,
775 3145 815 3196 vop
850 3136 916 3182 lim
945 3142 995 3187 too.
1019 3160 1050 3171 -
