2317 3500
171 168 228 222 384
864 158 991 238 lemur.
1014 158 1101 243 324]

173 294 259 349 [crevi
272 299 294 330 ¹⁸
311 293 492 364 peregrinam
502 292 666 348 novitatem.
684 292 719 346 Et
734 291 809 347 cives
824 290 879 346 mei
890 292 968 348 estis
984 296 1019 348 et
1036 295 1102 349 mi-

171 385 243 442 lites.
267 370 317 456 [ll]
335 382 436 438 Omnia
450 383 572 440 eundem
588 382 696 436 ducunt
708 384 731 418 ¹⁰
745 381 889 436 colorem:
905 397 962 436 nec
983 382 1100 440 Persis

172 472 357 528 Macedonum
368 489 478 528 morem
492 471 670 535 adumbrare,
687 485 739 526 ncc
752 467 961 525 Macedonibus
979 471 1100 529 Persas

171 561 286 630 imitari,
302 561 476 618 indecorum.
493 559 629 632 Ejusdem
643 557 719 631 iuris
741 573 804 614 esse
823 557 932 614 debent
955 560 1011 631 qui
1038 563 1098 616 sub

172 651 271 706 codem
283 667 351 724 rege
363 649 465 707 victuri
480 651 557 704 sunt.
571 651 596 684 ²⁰
607 667 680 701 m...

497 179 526 229 Q.
550 177 643 221 CURTl
667 177 740 220 RUFl

173 875 210 926 Un
223 873 382 924 llucidonien
402 873 522 936 reproche
538 873 553 920 d
568 871 710 920 Alexandro
731 870 756 919 le
769 870 874 935 rigueur
885 884 952 920 avec
977 872 1096 938 laquelle

487 942 505 992 il
516 941 591 992 truite
600 957 640 991 ses
654 941 757 992 eoldets.

211 1085 244 1140 lV
259 1085 293 1159 [l]
312 1104 326 1138 e
343 1084 524 1156 Quousque¹‚
542 1103 555 1134 e
576 1083 679 1154 inquit,
698 1102 709 1133 u
726 1082 822 1138 animo
840 1084 903 1149 tuo,
929 1084 1029 1140 etiarn
1046 1105 1098 1158 per

175 1173 321 1245 supplicia,
338 1176 366 1229 et
380 1173 494 1245 quidem
507 1170 617 1227 externi
630 1171 748 1241 moris²‚
760 1169 956 1243 obsequeris?
983 1173 1099 1232 Milites

129 1303 131 1308 .
176 1261 227 1326 tui,
248 1260 323 1317 cives
348 1261 401 1329 tui,
425 1259 570 1332 incognita
591 1275 687 1324 causa,
718 1258 837 1329 captivis
861 1258 927 1314 suis
954 1262 1099 1320 ducenti-

175 1351 239 1416 bus,
274 1349 428 1405 trahuntur
454 1349 489 1403 ed
511 1364 633 1418 poenam.
661 1346 693 1404 Si
720 1350 842 1403 mortem
868 1348 1028 1408 meruisse
1054 1355 1102 1427 ju-

176 1437 262 1506 dicas,
294 1437 394 1490 saltem
429 1435 577 1492 ministros
610 1433 742 1506 supplicii
767 1439 884 1490 muta.»
915 1435 954 1509 [2]
994 1443 1101 1499 Amico

176 1524 279 1589 anime,
296 1523 320 1578 si
336 1521 393 1578 reri
412 1523 523 1595 patiens
541 1523 652 1594 luisset,
676 1523 894 1588 admonebatur,
922 1528 1035 1585 sedin
1053 1550 1103 1589 ra·

176 1613 251 1667 hiem
269 1611 312 1666 ire
337 1617 516 1683 pervenerat.
534 1612 632 1684 ltaque
654 1628 756 1668 rursus
775 1643 809 1654 -
830 1627 899 1666 nam
916 1631 1102 1694 parumper,

177 1701 280 1775 quibus
303 1702 475 1773 imperatum
489 1705 561 1773 eret,
588 1701 951 1774 dubitaverant—mergi
980 1706 1013 1763 in
1043 1729 1103 1768 am.

178 1809 252 1857 nem,
286 1792 359 1848 sicut
387 1790 472 1848 vincti
492 1795 585 1860 erant,
616 1790 712 1863 jussit.
738 1790 772 1863 [3]
802 1789 860 1845 Nec
886 1790 947 1848 hoc
974 1802 1104 1869 quidem

178 1881 348 1954 supplicium
372 1880 540 1937 seditionem
562 1880 686 1935 militnm
705 1879 803 1936 movit.
831 1878 974 1952 Namque
996 1893 1103 1962 copia.

178 1987 243 2025 rum
257 1970 342 2025 duces
352 1972 437 2041 atque
445 1968 551 2024 emices
565 1968 627 2041 ejus
639 1966 796 2039 manipuli⁵
810 1966 932 2039 adeunt,
944 1980 1102 2052 petentes,

178 2066 220 2125 ut,
228 2059 251 2114 si
265 2074 337 2130 qnos
350 2056 441 2113 adhuc
457 2056 579 2128 pristine
592 2056 814 2129 noxajudicaret
836 2072 902 2114 esse
925 2068 1101 2141 contectos

176 2147 289 2219 juberet
301 2144 434 2202 interfici:
449 2164 460 2197 e
473 2146 574 2202 offerre
586 2162 617 2203 sc
627 2162 746 2216 corpora
760 2146 820 2215 ire,
836 2148 1013 2211 trucidaret
1026 2165 1100 2216 ⁴...»

179 2296 241 2349 petie,
251 2308 309 2339 eoeur
317 2297 343 2340 de
355 2296 441 2340 Statim.
455 2318 482 2328 -
494 2304 525 2342 lt.
538 2298 602 2339 inee-

179 2360 260 2409 teruvi‚
268 2358 356 2401 alliance
366 2359 392 2400 de
401 2364 457 2402 muts
469 2361 511 2403 tres
519 2359 599 2406 hardie.

179 2430 226 2472 roy.
235 2420 298 2463 Rem.
316 2425 350 2468 ll.
362 2425 384 2462 et
393 2420 445 2463 dont
458 2421 476 2462 le
487 2433 537 2463 sens
549 2426 582 2463 est
594 2432 599 2461 ι

680 2296 718 2338 lV.
741 2304 759 2340 l.
778 2307 914 2351 quomque.
940 2308 1036 2357 paroles
1057 2313 1103 2355 evi·

654 2359 762 2401 demment
785 2362 921 2414 prononcees
942 2378 986 2419 par
1010 2384 1044 2417 un
1062 2376 1101 2418 des

653 2419 873 2474 Macedoniensqu’on
884 2429 995 2473 entrainc
1008 2446 1039 2476 au
1049 2448 1101 2491 sup⁴

179 2480 242 2533 effeci
253 2486 279 2522 ut
290 2492 330 2523 voe
344 2481 400 2522 novi
411 2483 498 2525 niiliics
511 2488 530 2525 el
537 2494 602 2535 pere

179 2542 245 2597 print
254 2544 369 2587 uuerenie
382 2546 496 2597 munuli
507 2545 567 2587 eicie.
576 2566 601 2575 -

181 2610 211 2647 19.
226 2603 323 2655 ducunt,
341 2604 462 2659 expression
481 2604 599 2659 poetique:

180 2672 227 2710 tout
240 2670 305 2722 prend
323 2668 342 2711 le
355 2668 528 2719 mtmecouleur3
541 2667 601 2709 c'est-

179 2729 263 2771 “a-dirc:
277 2735 335 2773 entre
350 2740 403 2781 vous
413 2728 431 2771 il
449 2728 537 2771 n’existe
552 2728 601 2782 plus

181 2792 206 2833 de
218 2792 346 2835 dilldrences.
366 2814 393 2822 -
413 2797 449 2833 20.
464 2790 558 2832 victuri.
580 2792 601 2832 Α

181 2854 246 2906 partir
260 2855 285 2895 de
297 2866 320 2896 ce
332 2857 377 2895 mot
386 2863 505 2895 commende
517 2863 558 2892 une
570 2851 601 2893 la-

180 2924 240 2957 cune.
250 2914 370 2957 Alexandro
384 2912 453 2955 devait
465 2913 552 2956 acherer
561 2924 601 2954 son

180 2972 283 3027 discours,
294 2988 317 3017 se
329 2979 426 3017 remetire
436 2976 448 3016 'a
459 2974 479 3018 le
487 2974 551 3027 garde
564 2972 601 3014 des

180 3033 262 3086 Perses,
269 3042 291 3079 et
300 3037 351 3079 laire
358 3037 459 3079 cenduire
466 3048 492 3079 au
504 3036 601 3089 supplice

179 3104 231 3136 ceux
241 3098 278 3141 dee
288 3098 391 3141 siditieux
402 3099 439 3152 qui
451 3098 555 3142 n’evaient
562 3109 601 3151 pue

180 3155 212 3200 διὸ
221 3160 316 3202 nidulis
327 3160 348 3201 la
360 3158 428 3202 reille.

654 2482 716 2536 plioe.
726 2506 753 2513 —
762 2492 782 2527 2.
793 2485 887 2526 meent
903 2494 998 2546 moris,
1013 2498 1101 2541 c'est-'a-

654 2542 699 2585 dire
713 2544 733 2586 le
752 2542 840 2599 noyade,
854 2548 961 2602 supplice
973 2557 1036 2602 usite
1048 2560 1101 2603 cher

654 2604 686 2648 les
698 2607 824 2658 Orientem
845 2606 878 2649 les
888 2610 1055 2665 Mecidoniens
1068 2624 1101 2667 le-

654 2668 757 2722 pidaient.
779 2695 806 2703 -
825 2676 844 2713 3.
872 2679 1016 2735 manipuli,
1048 2699 1098 2741 roy.

654 2731 713 2773 Dice
730 2733 790 2776 Hei.
802 2755 829 2763 -
844 2738 866 2775 4.
884 2740 1038 2799 trucidaret,
1052 2749 1100 2791 lon-

654 2803 696 2844 gue
713 2792 789 2838 lacune
804 2796 858 2837 dens
872 2796 975 2853 laquelle
987 2808 1015 2861 Q.
1027 2811 1100 2855 Cures

654 2856 757 2898 montrait
771 2857 894 2905 sansdcute
907 2866 1040 2915 Alexandro
1048 2886 1100 2927 par-

654 2917 748 2959 nonnam
757 2932 798 2961 eux
805 2920 969 2980 Macedoniens,
975 2937 1000 2974 et
1010 2935 1099 2988 reglant

655 2976 685 3017 les
701 2978 785 3021 nllniree
794 2979 847 3022 neta
859 2979 938 3030 Grec
952 2990 972 3033 ll
985 2998 1099 3039 raconlait

655 3037 674 3079 lc
684 3040 758 3092 depnrl
769 3040 795 3082 de
802 3040 888 3083 l'ermie
900 3058 960 3099 pour
972 3053 1089 3101 Echaiane

654 3099 674 3139 n
685 3104 741 3141 mort
752 3099 1027 3158 rniphesuon,1’entre0
1044 3093 1100 3163 ‹rnl

654 3160 753 3204 lerendre
774 3164 788 3205 l
808 3162 931 3226 Babylone,
952 3176 1043 3231 melete
1063 3181 1100 3225 lei
