2317 3500
76 206 184 289 [nivea
200 205 267 290 333]
434 227 526 298 irena
546 229 593 272 111.
747 269 749 273 ,
922 215 959 272 49

74 355 137 394 cum
153 339 262 396 fortuna
284 337 361 412 regis
378 337 462 396 etiem
476 338 645 396 humillimis
663 338 693 394 in
712 339 804 411 ipsum
819 337 958 396 licentiam

74 428 214 484 laceret¹².

108 516 140 588 [8]
158 517 304 573 Praebuere
317 533 386 589 ergo
402 517 583 574 Parmenioni
597 533 655 573 non
669 519 818 589 spernendi
837 517 958 590 agminis

73 604 203 676 speciem.
216 605 278 682 Qui,
289 606 437 663 intentiore
451 624 519 663 cura
529 623 598 663 suos
608 607 689 679 quasi
700 607 735 663 ad
743 607 851 678 justum
859 612 882 642 ¹³
891 623 950 678 proe

74 693 143 748 lium
166 693 260 763 paucis
280 695 454 760 adhortatus,
470 697 550 767 equis
571 695 690 752 calcaria
702 696 782 768 jubet
796 696 914 751 subdere
932 699 956 751 et

74 781 131 836 acri
151 781 255 853 impetu
275 782 303 836 in
319 784 430 838 hostem
449 784 537 840 evehi.
554 784 587 856 [9]
602 786 637 839 nt
653 783 705 852 illi,
729 781 794 854 quis
818 782 870 837 sub
894 798 955 838 one

73 869 152 925 ribus
170 873 250 926 erant
268 870 420 938 omissis¹⁴,
433 887 483 943 per
497 877 604 928 metum
619 875 771 943 capessunt
784 871 901 943 lugam:
918 885 960 925 ar-

73 958 273 1029 reliquoque,
289 960 336 1031 qui
349 975 397 1015 eos
409 961 659 1032 prosequebantur,
676 961 774 1015 eodem
789 962 866 1014 metu
881 974 959 1014 arma

70 1046 176 1117 jactare
190 1064 221 1102 ac
234 1051 300 1104 nota
312 1047 483 1104 deverticula
494 1051 591 1120 petere
605 1051 762 1127 caeperunt..
776 1047 826 1119 [10]
842 1047 961 1102 l’raelec-

73 1137 130 1203 tus,
145 1135 225 1206 quasi
244 1138 272 1191 et
293 1135 352 1208 ipse
368 1136 538 1193 conterritus
552 1135 690 1192 simulans
700 1140 732 1203 ¹⁸,
747 1138 847 1190 cuncta
859 1151 960 1205 pavore

75 1221 270 1291 compleverat.
293 1222 427 1278 iacebant
438 1222 506 1279 totis
521 1221 627 1293 campis
648 1237 715 1293 opes
733 1219 832 1292 regiae;
848 1221 897 1274 illa
911 1237 962 1291 pc-

74 1309 157 1363 cunia
174 1308 311 1379 stipendio
331 1310 439 1382 ingenti
459 1309 583 1366 militum
606 1313 778 1381 prepareta3
799 1308 846 1363 ille
866 1309 960 1365 cultus

76 1396 116 1449 bot
136 1395 271 1450 nobilium
295 1396 433 1467 virorum,
456 1397 507 1469 [11]
529 1400 573 1452 tot
598 1396 755 1452 illustrium
776 1395 959 1457 leminarumt

76 1498 159 1537 aurea
176 1499 254 1551 vasa,
285 1484 362 1540 aurei
380 1485 491 1554 ireniffl,
516 1485 698 1541 tabernacula
717 1485 807 1556 regali
831 1484 959 1555 magnifi-

76 1568 165 1624 centia
181 1574 293 1639 ornata;
315 1571 442 1626 vehicula
455 1587 566 1643 quoque
581 1589 599 1629 a
616 1571 676 1628 suis
694 1572 839 1641 destituta,
861 1571 958 1644 ingen·

76 1657 111 1712 tis
131 1657 279 1728 opulentiae
298 1658 379 1728 plena
393 1678 401 1714 c
415 1659 499 1716 facies
510 1664 531 1696 ¹⁷
551 1660 636 1716 etiam
650 1660 840 1733 praedantibus
854 1660 955 1726 tristis,

77 1746 126 1801 si¹⁸
142 1765 199 1819 qua
216 1764 261 1803 res
280 1747 422 1805 avaritiam
442 1753 611 1805 moraretur.
628 1750 736 1820 Quippe
753 1752 797 1805 tot
819 1764 958 1803 annorum

76 1834 229 1890 incredibili
254 1838 282 1891 et
307 1836 390 1891 fidem
414 1839 562 1893 excedente
584 1838 698 1892 fortuna
720 1836 872 1898 cumulata,
891 1838 958 1890 tunc

76 1923 129 1978 alia
152 1922 286 1994 stirpibus
307 1924 437 1995 lacerata,
464 1924 520 1980 alia
542 1923 570 1979 in
591 1939 699 1979 caenum
717 1925 845 1977 demersa
863 1937 961 1976 cerne-

77 2012 177 2066 bantur
194 2031 200 2064 :
224 2026 279 2065 nen
293 2011 468 2067 sufficiebant
484 2010 671 2083 praedantium
684 2026 785 2065 manus
797 2009 908 2081 praedae.

109 2098 161 2171 [12]
175 2099 293 2170 Jamque
307 2099 391 2155 etiam
407 2100 442 2155 ad
460 2098 572 2171 eosqui
590 2096 673 2168 primi
695 2097 827 2170 lugerent
845 2100 961 2152 ventum

74 2189 144 2243 crat.
161 2183 281 2241 Feminae
295 2187 435 2258 pleraeque
453 2201 555 2258 parvos
575 2186 720 2241 trabentes
739 2183 843 2240 liberos
863 2184 958 2241 ibant:

75 2275 149 2330 inter
170 2290 241 2346 quas
259 2278 315 2331 tres
330 2278 407 2331 luere
421 2274 555 2346 virgines,
573 2273 651 2341 Ochi,
669 2273 796 2344 quiante
817 2273 961 2328 Darium¹⁹

74 2364 250 2435 regnaverat,
269 2362 368 2433 nliaew,
383 2362 450 2419 olim
469 2361 583 2434 quidem
603 2377 635 2416 en
655 2360 768 2431 lastigie
779 2364 896 2431 paterno
914 2378 961 2418 re-

73 2466 141 2506 rum
161 2450 313 2507 mutatione
336 2454 482 2521 detractae,
503 2450 552 2505 sed
571 2452 632 2503 tum
651 2452 757 2503 sortem
780 2465 877 2504 earum
898 2468 960 2507 cru·

74 2536 169 2593 delius
194 2542 360 2609 aggravante
390 2539 510 2594 fortuna.
535 2536 585 2608 [13]
610 2535 640 2590 ln
662 2536 760 2591 eodem
781 2553 868 2611 grege
892 2557 962 2597 uxor

75 2639 194 2697 quoque
206 2626 327 2696 ejusdem
338 2627 407 2685 Ochi
423 2626 485 2696 luit,
502 2623 689 2695 Oxathrisque
699 2654 732 2665 -
742 2625 830 2683 frater
843 2626 888 2684 hic
903 2634 963 2685 erat

78 2819 393 2874 12.licemiernsuceret,leur
404 2820 492 2865 donoait
543 2820 605 2863 nen.
617 2831 633 2863 ι.
647 2840 673 2851 -
689 2828 720 2864 17.
732 2821 812 2872 1333333,
823 2820 916 2873 tableau3
928 2833 965 2875 ap-

77 2886 139 2923 toule
149 2880 233 2923 licence.
245 2904 270 2914 -
281 2890 312 2927 13.
317 2885 418 2939 justum,
427 2885 491 2936 regu-
545 2881 650 2935 position;
659 2892 707 2936 roy.
720 2882 783 2925 Rem.
793 2887 818 2924 33
830 2883 849 2921 b.
860 2902 886 2910 -
896 2888 926 2923 18.
935 2883 965 2932 et,

78 2944 127 2996 lier,
136 2956 162 2985 en
172 2943 235 2995 tegle.
247 2968 274 2977 -
283 2951 306 2990 ll
319 2948 372 2999 quis
383 2946 425 2987 sub
437 2957 492 2987 one·
546 2956 593 2997 vop.
606 2943 670 2985 Rem.
688 2950 735 2986 ¹209.
754 2964 781 2973 -
797 2947 829 2982 19.
850 2945 903 2980 ante
917 2942 964 2982 Da-

80 3004 147 3045 ribus
161 3008 228 3046 arem
241 3006 338 3061 omissis,
347 3007 492 3049 construisez:
546 3005 619 3053 rium,
636 3015 674 3057 pas
687 3002 866 3044 immodicumeuc
876 3011 881 3039 ε
892 3000 966 3043 Ochus

79 3064 177 3106 ominata
188 3066 450 3122 crescenteque-
463 3074 493 3111 15.
547 3064 604 3107 avait
616 3064 681 3117 regne
696 3066 721 3103 de
732 3068 769 3104 eto
779 3060 791 3099 3
802 3064 848 3108 333,
862 3063 883 3099 et
896 3061 966 3102 Arses

81 3125 494 3183 qatocieonlmiluahuellsimuluns,
548 3139 575 3168 ou
584 3128 706 3174 Arinem,
716 3119 802 3167 squilla,
815 3117 840 3157 do
852 3123 889 3161 333
899 3120 910 3160 ὲ
920 3128 967 3166 tto.

81 3185 227 3229 construction
237 3191 494 3245 rare.-1o.frcni‚rop.
549 3208 575 3219 -
583 3195 618 3232 20.
626 3185 738 3238 virginea,
744 3178 802 3222 Ochi
811 3178 870 3224 ulte.
879 3182 969 3223 nlexan-

146 3294 326 3339 ouurecuice.
858 3282 872 3325 ⁴
