2317 3500
105 158 179 240 [aad
195 159 264 242 325]
474 187 568 231 urana
591 189 633 231 rx,
946 173 1002 228 365

105 306 158 346 nee
178 292 207 347 in
222 297 323 349 nave²i
338 293 494 350 subsistere
507 295 640 366 audebat,
656 296 842 353 identidem⁸¹
856 298 1004 370 prasenti-

89 380 158 434 'bus
181 383 323 454 graviora,
352 400 414 455 quae
437 388 638 455 sequerentur,
664 388 839 456 exspectans.
859 385 911 441 Vix
941 403 1003 458 quae

104 470 335 542 perpetiebantur
349 473 444 528 videre
464 473 541 544 ipsos
562 473 725 540 credebant,
750 474 868 530 insieco
890 476 1004 530 naufra

104 558 186 630 gia²⁸‚
195 559 224 614 in
236 561 312 615 amni
320 578 407 616 mare.
416 561 465 635 [22]
474 561 531 617 Nec
540 562 605 617 finis
615 563 772 617 malorum:
784 561 887 635 quippe
902 568 1002 620 aestum

107 651 191 718 paulo
219 654 284 721 post
303 667 381 706 mare
402 652 568 721 relaturum,
586 666 643 724 quo
664 651 779 723 navigia
800 651 1001 722 allevarentur,

104 737 208 808 ignari,
231 731 334 794 fame'm
355 743 383 794 et
414 740 515 794 ultima
539 739 654 796 sibimet
675 740 884 796 ominabaulur.
909 741 1002 797 Beluae

105 841 228 898 quoque,
243 826 375 882 fluctibus
387 827 537 895 destitutae,
553 827 696 884 terribiles
708 829 897 900 vagabantur.

140 915 190 988 [23]
214 915 334 986 lamque
351 932 407 971 nox
426 915 583 987 appetebat,
604 921 633 972 et
653 933 750 989 regem
769 922 882 990 quoque
904 918 1002 990 despe-

103 1004 176 1060 ratio
191 1005 290 1060 salutis
309 1003 476 1075 aegritudine
498 1005 649 1061 adfecerat.
670 1005 734 1061 Non
748 1010 844 1062 tamen
864 1006 999 1061 invictum

104 1093 229 1148 animum
250 1109 324 1149 curae
349 1095 483 1162 obruunt,
507 1093 576 1166 quin
585 1097 608 1130 ²⁹
623 1097 684 1150 tota
698 1098 780 1151 noete
802 1095 959 1165 persideret
972 1095 1001 1149 in

79 1211 81 1214 ·
103 1185 234 1256 speculis,
255 1184 420 1258 equitesque
438 1185 624 1255 praemitteret
646 1186 682 1240 ad
704 1201 736 1241 os
757 1186 859 1253 amnis,
875 1191 917 1256 ut,
937 1203 1002 1242 cum

103 1290 181 1330 mare
191 1290 291 1330 rursus
301 1273 638 1342 exaestuaresensissent,
649 1275 878 1344 praecederent⁵⁰.
889 1276 1002 1347 [ttha-

103 1362 178 1434 rigia
192 1379 304 1434 quoque
319 1367 347 1418 et
366 1365 486 1418 lacerata
501 1362 588 1431 refici,
612 1367 641 1418 et
663 1379 761 1420 eversa
777 1363 909 1419 fluctibus
930 1363 1002 1436 erigi

102 1451 191 1524 jubet,
210 1456 380 1524 paratosque
395 1467 457 1508 esse
473 1456 501 1508 et
512 1453 648 1519 intentos,
661 1469 726 1508 eum
737 1468 838 1509 rursus
852 1470 930 1509 mare
945 1458 1000 1509 ter·

104 1556 151 1595 ras
164 1539 340 1596 inundasset.
353 1541 403 1611 [25]
418 1541 489 1595 Tota
506 1557 538 1596 ea
551 1543 633 1596 neele
647 1539 722 1597 inter
741 1541 854 1614 vigilias
869 1544 1003 1599 adhorta-

103 1625 278 1699 tionesque⁵¹
293 1630 469 1698 consumpta,
484 1629 613 1684 celeriter
628 1632 655 1683 et
670 1629 779 1699 equites
793 1631 901 1703 ingenti
916 1646 1001 1686 eursu

104 1717 272 1788 refugere³³‚
294 1718 322 1771 et
343 1719 456 1770 secutus
474 1719 517 1771 est
537 1720 634 1772 aestus.
654 1715 709 1781 Qui
727 1718 829 1788 primo,
850 1720 932 1791 aquis
945 1721 1001 1776 leui

104 1811 195 1862 tractu
210 1805 406 1872 subeuntibus,
422 1802 504 1874 eoepit
516 1806 610 1860 levare
623 1804 750 1875 navigie3
761 1822 836 1873 mox,
847 1808 916 1863 totis
927 1826 1002 1863 cam-

103 1896 147 1968 pis
166 1894 321 1961 inundatis,
338 1893 423 1949 etiarn
447 1893 559 1964 impulit
583 1894 711 1948 classem.
729 1893 780 1966 [26]
795 1895 915 1951 Plausus
934 1898 1003 1951 mili

104 1988 165 2039 tuno
179 1983 425 2051 nauticorumque,
442 1979 613 2051 insperatam
628 1982 750 2035 salutem
766 1981 918 2038 immodico
930 1985 1001 2039 eele-

104 2071 248 2127 brantiurn
263 2068 376 2141 gaudio,
402 2069 532 2124 litoribus
556 2068 715 2141 ripisque⁵³
737 2072 896 2126 resonabat.
921 2072 1001 2126 Unde

104 2163 215 2216 tantum
227 2158 347 2213 redisset
363 2157 455 2212 subito
470 2173 558 2226 mare,
574 2174 630 2229 quo
643 2158 733 2228 pridie
747 2159 910 2230 refirgissel,
927 2177 1001 2231 quae-

103 2266 168 2304 nam
191 2252 265 2303 esset
290 2247 416 2318 ejusdem
436 2246 568 2303 elementi
594 2250 714 2313 natura,
738 2248 822 2302 modo
852 2248 958 2303 discors
967 2254 1000 2317 ³3⁴,

103 2340 186 2395 modo
209 2336 328 2408 imperio
353 2340 513 2405 temporum
535 2335 656 2390 obnoxia
665 2340 698 2403 ⁵⁶,
723 2335 885 2390 mirabundi
908 2338 1001 2410 requi-

105 2428 211 2482 rebant.
230 2426 280 2497 [27]
303 2424 361 2479 Rex
376 2440 440 2479 euru
459 2441 492 2479 ex
511 2440 554 2492 eo,
572 2422 649 2495 quod
669 2423 817 2492 accideret,
831 2424 1001 2497 conjectaret

106 2519 168 2586 post
193 2512 260 2567 solis
289 2516 384 2568 ortum
406 2515 512 2566 statum
533 2516 678 2582 tempus⁵⁶
702 2528 773 2578 essa
792 2514 884 2569 media
907 2520 998 2581 nocte,

105 2607 137 2659 ut
150 2605 250 2657 aestum
264 2605 424 2670 occuparet,
443 2617 507 2654 curn
525 2601 623 2672 paucis
642 2601 763 2674 navigiis
783 2604 905 2658 seeundo
918 2621 1000 2657 amne

106 2689 229 2747 defluxit.
252 2690 427 2759 Evectusque
454 2704 486 2742 os
512 2688 582 2758 ejus,
611 2704 675 2743 cccc
699 2689 791 2743 stadia
812 2689 950 2761 processit
972 2689 999 2742 in

106 2845 153 2888 lite's
164 2844 188 2885 do
202 2834 287 2885 terrain.
303 2865 326 2871 -
340 2846 373 2883 26.
390 2850 455 2891 neec,
475 2850 523 2893 vop.
577 2840 649 2883 meri.
663 2863 691 2872 -
705 2846 738 2883 31.
753 2840 934 2891 adhortationes,
953 2854 998 2895 roy.

105 2909 167 2949 llam.
181 2914 212 2951 17.
225 2929 251 2936 -
262 2910 295 2948 27.
312 2902 446 2953 identidem,
464 2902 524 2943 true
577 2904 679 2946 Rem.43.
692 2925 718 2931 -
728 2908 760 2945 32.
769 2903 880 2956 resapere,
894 2903 1000 2944 revincent

105 2970 168 3013 d’oeil.
179 2991 206 3001 -
218 2976 251 3013 ae.
267 2968 296 3009 tn
307 2966 369 3008 sieeo
388 2964 523 3018 naufragio.
578 2977 604 3007 en
615 2964 687 3019 lupaut
695 2963 830 3006 lanterna-
838 2965 946 3017 aartpis,
957 2965 999 3007 abl.

107 3032 222 3087 expression
248 3029 370 3073 recherches
387 3027 440 3068 mais
460 3027 523 3079 pitto·
579 3026 604 3067 dc
614 3025 656 3067 lieu
668 3024 833 3078 poetique3voy.
846 3026 909 3067 Rem.
924 3030 959 3068 lt,
974 3051 1000 3057 —

108 3106 186 3148 resque.
206 3118 232 3125 -
249 3101 281 3138 29.
293 3093 359 3145 putu,
379 3102 432 3145 pour
449 3090 483 3131 ita
500 3093 525 3129 ut
579 3093 604 3133 34
618 3088 717 3138 discors,
728 3086 952 3134 desordonude.'-35.
962 3091 999 3132 ob-

108 3168 161 3197 non.
174 3178 199 3186 —-
212 3162 243 3201 to.
255 3154 416 3211 precederent,
428 3150 525 3207 supplica
580 3150 661 3202 iterio,
675 3148 789 3191 obeiesant.
805 3172 832 3181 -
849 3156 882 3195 so.
901 3156 990 3207 tempus
