2317 3500
140 183 193 239 108
464 190 494 241 Q.
517 189 610 233 cunni
633 189 706 232 eurr
754 261 756 266 Α
810 170 863 254 [1⁶r
877 188 943 234 ocr.
961 169 1030 256 331]

138 312 210 365 sent.
227 306 324 378 Itaque
344 322 402 361 non
423 304 649 377 prima⁴⁹quam
664 305 762 374 latera,
785 320 842 361 non
864 307 951 363 latere
969 323 1035 364 mu·

140 398 243 453 nitiora
256 397 334 452 tuere
348 411 434 467 quam
449 398 540 467 terga.

144 511 146 516 ·
173 486 224 558 [33]
239 484 290 540 His
311 484 351 540 ita
375 483 523 551 ordinatis,
547 481 675 553 praecipit
688 487 729 556 ut,
751 484 774 539 si
794 483 911 540 falcatos
924 501 1035 541 currus

139 593 203 632 cum
223 574 339 631 fremitu
352 573 466 629 barbari
480 573 652 643 emitterent,
672 574 736 646 ipsi,
757 575 856 631 laxatis
875 575 1034 645 ordinibus,

139 667 276 737 impetum
287 662 494 720 incurrentium
506 662 620 718 silentio
634 662 802 735 exciperent,
814 665 890 719 haud
903 663 1037 720 dubius⁵⁰

139 754 199 810 sine
212 769 286 809 nora
300 756 525 818 transcursuroS,
541 750 565 806 si
580 767 663 807 nemo
678 767 708 807 se
729 756 905 824 opponeret:
922 751 966 807 siu
987 769 1036 808 au-

138 846 197 898 tem
210 840 270 896 sine
284 839 398 895 fremitu
414 837 609 909 immisissent,
621 854 669 894 cos
679 838 732 911 ipsi
747 841 871 896 clamore
883 842 1035 908 terrerent,
1076 863 1079 870 ¹

139 931 312 1005 pavidosque
335 943 424 1000 equos
445 926 511 983 telis
533 929 678 1000 utrimque
697 930 878 986 suffoderent.
906 927 958 1001 [et]
982 929 1037 995 Qui

139 1018 272 1076 cornibus
286 1019 427 1088 praeerant
439 1017 591 1073 extendere
605 1034 639 1072 ea
654 1017 737 1088 jussi,
751 1018 791 1073 ita
805 1020 837 1072 ut
851 1034 902 1074 nec
915 1017 1038 1073 circumt

138 1106 313 1175 venirentur,
338 1105 363 1162 si
387 1105 478 1161 artius
500 1108 619 1172 starent,
639 1121 691 1160 nec
712 1109 807 1161 tamen
828 1105 1038 1162 ultramodum

138 1196 227 1252 aciem
239 1195 424 1251 exinanirent.
442 1193 494 1266 [35]
514 1192 718 1265 Impedimenta
732 1210 797 1249 cum
819 1192 947 1265 captivis,
961 1193 1040 1250 inter

139 1301 211 1356 quos
223 1286 313 1339 mater
326 1282 465 1354 tiberique
480 1280 557 1336 Darii
571 1280 804 1338 custodiebantur
820 1283 896 1338 haud
908 1283 1038 1353 333331ΕΙ

140 1372 198 1428 acie
219 1371 249 1426 in
270 1370 346 1425 edito
367 1370 438 1425 colle
459 1368 617 1437 constituit,
640 1369 749 1424 modico
772 1370 903 1441 praesidio
925 1369 1037 1427 relicte.

138 1461 251 1515 taevum
264 1472 363 1528 cornu,
383 1457 458 1513 sicut
472 1457 552 1522 alias,
568 1456 750 1512 Parmenioni
762 1459 901 1514 tuendum
913 1459 1013 1513 datum
1030 1479 1037 1514 z

140 1546 201 1618 ipse
215 1544 245 1600 iu
257 1544 355 1600 dextro
368 1546 470 1601 stabat.

175 1633 227 1707 [36]
246 1633 379 1689 Nondum
405 1635 439 1689 ad
462 1632 570 1706 jactum
591 1633 640 1688 teli
660 1635 857 1704 pervenerant,
885 1651 949 1690 cum
967 1635 1041 1692 Bion

141 1722 257 1797 quidam
270 1723 429 1797 transfuga,
449 1724 555 1795 quanto
568 1721 724 1779 marimo¹⁵²
738 1738 823 1779 cursu
844 1727 986 1795 potuerat,
1005 1727 1041 1783 ad

140 1817 238 1885 regem
257 1812 396 1885 pervenit,
416 1811 551 1867 nuntians
580 1812 732 1867 murices*³
747 1812 854 1867 terreos
880 1812 908 1867 in
932 1816 1042 1870 terram

143 1900 282 1958 defodisse
301 1901 428 1971 Darium,
451 1918 508 1973 qua
528 1900 641 1955 hostem
662 1900 771 1973 equites
790 1900 962 1957 emissurum
978 1920 1042 1961 esse

141 1991 272 2046 credebat
279 1993 312 2066 ⁸⁸,
332 1992 518 2061 notatumque
534 1990 612 2043 certo
627 1987 710 2060 siguo
722 1989 826 2056 locum,
842 1992 875 2044 ut
888 1988 967 2045 treus
986 1992 1042 2047 evi-

143 2077 198 2133 tari
213 2093 230 2132 a
243 2076 304 2131 suis
322 2079 430 2147 posset.
455 2077 507 2149 [37]
521 2076 668 2132 Asservari
683 2076 832 2149 transfuga
847 2076 939 2149 jusso,
955 2080 1043 2137 duces

38 2208 48 2225 ,
103 2231 106 2235 ,
143 2166 277 2220 convocat
292 2180 300 2216 ι
315 2162 526 2235 expositoque⁸⁵
539 2164 615 2235 quod
631 2163 794 2219 nuntiatum
809 2170 878 2237 erat,
898 2171 996 2223 monet
1010 2172 1044 2225 ut

143 2251 289 2323 regionem
306 2253 495 2307 monstratam
514 2250 658 2307 declinent
677 2252 858 2325 equitemque
882 2253 1041 2325 periculum

143 2341 288 2395 edoceant.

178 2426 230 2497 [38]
246 2426 390 2496 Ceterum,
403 2427 565 2483 hortantem
577 2426 718 2482 exercitus
732 2428 867 2484 exaudire
888 2446 944 2486 non
959 2434 1045 2502 pote-

142 2517 198 2583 rat,
221 2529 305 2569 usum
325 2513 439 2569 aurium
462 2514 658 2586 intercipiente
679 2515 793 2572 fremitu
812 2518 935 2586 duorum
952 2519 1046 2590 agmi-

143 2619 222 2658 num.
240 2601 306 2671 Sed,
328 2601 362 2657 in
383 2608 534 2674 conspectu
554 2602 692 2669 omnium,
713 2603 799 2662 duces
827 2609 856 2662 et
879 2606 1045 2677 proximum

143 2707 285 2763 quemque
299 2690 505 2763 interequitans
517 2691 715 2766 alloquebatur
735 2712 741 2746 :

104 2903 109 2913 .
144 2869 250 2915 l'enuemi.
263 2873 332 2914 -19,
338 2868 427 2923 prinum
436 2868 457 2911 la
466 2869 568 2924 premiere
616 2868 661 2923 tu,
671 2880 722 2913 vin.
739 2878 772 2917 to.
786 2893 813 2904 -
827 2879 861 2918 33.
874 2874 983 2927 mortem,
995 2888 1048 2934 roy.

144 2932 210 2986 ligne.
229 2956 257 2965 -
276 2938 309 2976 50.
327 2931 392 2974 houd
407 2931 501 2982 333333,
518 2944 567 2988 roy.
623 2931 684 2975 Dict.
700 2932 799 2975 11131.-
814 2939 847 2979 31.
865 2936 977 2989 credebat,
996 2951 1049 2995 vop.

145 2995 208 3039 Rem.
222 2992 567 3049 tts.—tt.procul,rop.}tem.
623 2994 686 3037 Rern.
706 3002 750 3041 teo.
768 3020 793 3029 -—
805 3003 830 3043 55
855 2999 975 3055 suposito,
997 3012 1039 3059 roy

147 3058 194 3100 133.
209 3076 236 3086 -
247 3062 280 3101 33.
292 3059 380 3110 quem
392 3056 508 3111 maoetmo,
520 3068 568 3114 roy.
624 3057 687 3100 Rem.
704 3064 747 3105 tat.
