2317 3500
125 160 163 214 90
448 170 477 223 o.
501 168 593 212 court
616 169 690 212 nura
861 145 933 231 {rimi
945 145 1021 228 331]

126 284 245 338 stitit⁵⁵z
263 282 373 347 deinde,
395 285 427 337 nt
447 283 638 354 speculatores
646 286 669 320 ³⁰
690 281 830 352 praemissi
849 283 911 336 tuta
924 279 1026 335 omnia

126 370 338 435 nuntiaverunt,
359 386 464 442 paucos
485 370 614 441 equiturn
628 371 664 424 ad
677 371 845 426 tentandum
855 369 959 425 vadum
971 366 1026 421 ssu-

127 457 211 513 minis
225 458 384 528 praemisit:
402 457 483 530 cujus
503 454 622 513 altitudo
636 456 727 527 primo
749 474 861 514 summa
882 469 1027 528 equorum

127 549 250 617 pectora,
263 561 336 613 mox,
350 547 423 601 utin
436 546 561 601 medium
576 547 688 601 alveum
699 549 816 602 ventum
830 549 883 616 est,
899 543 1028 600 cervices

128 649 240 704 quoque
263 634 403 704 aequabat.
424 633 475 704 [16]
498 632 555 688 Nec
573 648 642 688 sano
657 633 756 688 alinsH
770 635 805 690 ad
827 631 950 688 Orientis
964 631 1028 702 pla·

129 725 226 792 gam⁵⁸
247 724 307 776 tam
324 722 466 778 violentus
491 721 646 791 invehitur,
673 723 828 777 multorum
855 720 1030 777 torrentium

129 825 186 865 non
201 826 288 882 aquas
302 810 406 878 solum,
420 810 469 864 sed
483 808 570 865 etiam
584 825 651 866 saxa
665 825 761 866 secum
773 811 899 867 trahens.
914 805 1029 879 Itaipue,

130 898 301 954 aceleritate
315 915 371 970 qua
383 897 492 967 defluit,
510 897 589 970 Tigri
613 915 717 955 nomeu
736 903 779 955 est
801 898 932 966 inditum,
959 895 1032 968 quia

130 986 245 1042 Persica
258 986 356 1058 lingua
367 986 454 1059 tigrin
477 987 611 1059 sagittam
626 989 777 1059 appeliant.

168 1073 218 1145 [17]
231 1072 322 1145 Igitur
336 1075 460 1145 penest,
469 1075 548 1129 velut
560 1075 668 1131 divisus
680 1075 709 1130 in
722 1091 838 1142 cornua,
853 1072 1031 1129 circumdato

132 1161 270 1233 equitatu,
290 1163 389 1219 levatis
410 1178 496 1232 super
516 1163 609 1233 capita
632 1163 729 1232 arnna,
752 1164 827 1219 haud
845 1177 920 1234 aegre
935 1162 971 1216 ad
985 1161 1034 1230 ip-

133 1266 197 1304 sum
224 1252 336 1306 alveum
356 1254 494 1321 penetrat.
518 1250 569 1322 [18]
599 1251 714 1308 Primus
740 1252 814 1307 inter
846 1251 954 1322 pedites
980 1265 1034 1304 rex

134 1352 267 1406 egressus
283 1337 312 1389 in
330 1336 432 1406 ripam,
448 1336 553 1390 vadum
573 1337 713 1393 militibus
731 1355 828 1402 manu,
846 1337 957 1408 quando
978 1351 1034 1390 vox

134 1423 260 1478 exaudiri
274 1439 331 1478 non
345 1427 464 1494 poterat,
481 1425 615 1480 ostendit.
643 1425 700 1480 Sed
721 1425 841 1497 gradum
856 1426 971 1480 firmare
985 1423 1035 1479 vix

134 1513 276 1581 poterant,
297 1527 362 1566 cum
380 1513 465 1566 modo
487 1527 554 1566 saxa
571 1513 680 1568 lubrica
707 1513 860 1583 vestigium
889 1513 1033 1581 fallerent,

136 1599 220 1654 modo
241 1598 367 1670 rapidior
384 1599 461 1654 unda
483 1599 653 1656 subduceret
661 1605 694 1656 ⁴⁰.
719 1601 770 1673 [19]
797 1600 958 1670 Praecipuus
971 1604 1036 1654 erut
1081 1671 1084 1675 ι

137 1689 217 1744 labor
229 1705 328 1744 eorum
343 1688 390 1761 qui
405 1688 533 1744 humeris
543 1705 631 1745 onera
643 1691 794 1763 portabant
809 1709 815 1742 :
837 1689 951 1762 quippe,
966 1703 1035 1743 cum

138 1778 304 1849 semetipsos
326 1794 426 1849 regere
449 1794 505 1833 non
523 1782 651 1847 possent,
670 1779 699 1833 iu
715 1779 828 1849 rapidos
843 1777 973 1848 gurgites
985 1775 1038 1830 in-

138 1867 285 1922 commodo
311 1882 396 1922 onere
425 1865 646 1933 auferebantur3
671 1869 708 1934 et,
742 1867 810 1921 dum
836 1882 888 1921 sua
913 1863 1038 1935 quisque

139 1954 260 2025 spotia⁴1
282 1953 415 2025 consequi
435 1954 539 2022 studet,
559 1952 652 2025 major
671 1954 746 2009 inter
760 1952 837 2025 ipsos
858 1968 944 2024 quam
968 1968 1038 2007 otim

139 2043 215 2098 amni
230 2046 292 2099 orta
310 2042 426 2099 luctatio
454 2045 507 2109 est,
534 2042 698 2113 cumulique
724 2042 902 2097 sarcinarum
925 2042 1039 2111 passini

139 2130 283 2186 fluitantes
294 2132 446 2202 plerosque
464 2128 654 2200 perculerant.
668 2130 719 2201 [20]
736 2130 793 2184 Rex
809 2133 970 2185 monerent
990 2145 1038 2185 sa·

139 2218 177 2274 tis
190 2218 327 2275 haberent
340 2233 422 2274 arma
440 2216 575 2285 retinere,
593 2219 686 2273 cetera
708 2233 738 2273 se
761 2218 951 2273 redditurum.
978 2217 1041 2275 Sed

141 2323 233 2377 neque
247 2306 397 2363 consilium
411 2322 502 2377 neque
512 2305 665 2375 imperium
676 2303 762 2376 accipi
777 2308 889 2377 poterat
903 2325 909 2359 :
927 2306 1041 2363 obstre-

140 2393 225 2465 pebat
238 2394 303 2449 hinc
317 2398 532 2465 metus,praeter
545 2394 621 2449 hunc
635 2394 785 2450 invicem⁴¹
799 2392 962 2449 vocantium
976 2410 1043 2451 mu-

143 2485 210 2537 tnus
224 2480 341 2536 clamor.
359 2481 410 2553 [21]
427 2482 552 2537 Tandem
561 2498 617 2552 qua
629 2482 736 2537 leniore
744 2481 935 2536 tractutamnis
946 2483 1044 2552 aperit

142 2569 257 2637 vadum,
271 2584 422 2637 emersere,
438 2570 654 2642 necquicquam
677 2572 779 2640 praeter
793 2584 897 2639 paucas
912 2569 1043 2629 sarcinas

147 2656 339 2713 desideratum
357 2660 410 2712 est.

147 2894 180 2933 tt
192 2889 300 2939 substitit,
311 2888 408 2944 suppliez
424 2888 565 2931 Ateeooder
620 2887 660 2931 Ces
671 2890 726 2929 moto
737 2898 763 2929 na
776 2886 894 2939 dtpoudent
909 2902 947 2943 pas
960 2892 986 2935 de
1002 2896 1046 2940 tn.

148 2956 211 2993 -to
217 2950 379 3003 speculatores,
384 2962 431 3005 vop
438 2950 497 2992 Dict
506 2948 566 2992 tint.
619 2950 761 2992 vehitur-
773 2954 806 2993 39
822 2950 900 3003 pedae,
915 2964 963 3006 roy
979 2956 1047 3009 Rem

72 3024 78 3036 ·
149 3032 174 3039 -
188 3016 220 3053 tt.
233 3013 320 3061 aliua.
314 3024 400 3055 acaose
413 3011 513 3055 domnia
529 3009 566 3064 qui
620 3012 674 3055 tob
684 3016 750 3054 —to
760 3011 894 3054 subduceret
896 3012 1051 3073 ,stamparum

149 3082 171 3111 so
187 3073 312 3123 presented
334 3074 466 3130 lesprit.—
440 3080 516 3118 —3a
535 3071 567 3115 od
621 3072 709 3127 piet.-
682 3078 753 3117 ····4¹
767 3074 904 3127 ⁸¹⁴⁰⁸P⁰¹²⁸0
917 3086 968 3132 toy.
979 3082 1052 3141 Rem

149 3132 245 3177 omentis
260 3136 363 3193 plepem,
381 3150 427 3195 roy.
444 3138 505 3179 Rem
521 3141 565 3181 172
621 3140 655 3181 ta.
668 3140 735 3181 -42ι
730 3134 994 3192 .toooem,mamasens
1008 3161 1059 3213 qu,
