2317 3500
158 85 214 140 248
482 93 513 150 o.
535 91 628 138 cunri
650 93 725 139 nuri
844 74 964 158 [entur.
977 79 1060 156 aas]

158 211 303 268 milltoues
323 211 379 283 ipsi
400 212 515 282 gestare
527 207 731 279 amavissent,
746 207 818 281 eripi
837 207 891 266 sibi
909 209 1063 281 proprium

157 300 281 358 officium
295 302 358 356 tum
372 298 565 372 potissimum,
574 315 640 356 cum
654 314 704 355 rex
718 299 876 371 gestandus
888 301 973 366 esset,
990 316 1063 372 que-

156 389 301 446 rebantur.
324 388 358 462 [9]
383 389 451 461 Rex,
467 387 497 444 in
517 391 600 446 tento
617 387 769 459 utriusque
787 386 877 458 partis
891 388 1061 461 certamine,

157 483 186 536 et
199 478 253 535 sibi
267 477 410 535 difficilem
422 482 451 535 et
463 477 616 549 praeteritis
626 493 742 549 gravem
753 475 920 532 electionem
931 475 1063 536 loturam

118 587 123 596 ·
157 571 246 639 ratus,
262 566 382 624 invicem
397 565 512 622 subire¹
526 582 575 624 eos
588 565 683 639 jussit.

192 655 1062 731 [10]Hincquartodieadurbemldaracandaperventumest

155 779 191 790 —
203 765 257 806 axx
276 747 368 804 stadia
383 762 484 802 murus
498 745 577 802 urbis
591 745 780 818 amplectitur,
796 761 846 801 arx
862 745 917 801 alio
932 745 1064 817 cingitur

156 854 239 895 muro
254 868 287 878 -
302 853 344 907 ac,
359 835 491 909 praesidio
506 834 586 892 urbis
595 834 705 901 relicto,
719 833 863 905 proximos
874 833 952 890 viros
968 834 1062 908 depo-

156 927 272 1000 pulatur
286 929 372 998 atque
385 924 455 982 urit.

191 1014 243 1088 [11]
257 1013 353 1088 Legati
368 1013 468 1071 deinde
493 1013 630 1070 Abiorum
652 1012 820 1084 Scytharum
841 1012 1061 1088 superveniunt,

155 1101 237 1162 liberi
252 1122 284 1160 ex
303 1120 359 1176 quo
375 1105 534 1160 decesserat
548 1105 667 1176 Cyrus⁰,
678 1104 740 1157 tum
755 1099 895 1172 imperata
910 1101 1062 1158 lacturi¹⁰.

155 1192 335 1249 iustissimos
356 1192 543 1248 barbarorum
566 1190 728 1246 constabat:
754 1188 842 1245 armis
865 1188 1062 1264 abstinebant,

156 1281 211 1338 nisi
224 1281 364 1337 lacessiti:
378 1280 517 1338 libertatis
531 1281 680 1337 modicoet
692 1279 793 1353 aequali
806 1296 871 1350 usu,
881 1278 1064 1352 principibus

155 1369 323 1426 humiliores
335 1385 418 1440 pares
432 1370 567 1426 lacerant.
589 1369 640 1443 [12]
655 1369 715 1425 Hos
724 1373 746 1406 ¹¹
760 1369 884 1441 benigne
904 1370 1063 1446 allocutus,

155 1459 191 1514 ad
212 1474 261 1515 eos
277 1457 396 1530 Scythas
410 1457 459 1532 qui
474 1457 617 1530 Europam
631 1457 760 1514 incolunt
773 1459 896 1514 Berdam
913 1459 1064 1533 quendam

156 1546 234 1603 misit
243 1563 275 1603 ex
286 1547 394 1614 amicis,
406 1547 454 1620 qui
465 1547 647 1604 denuntiaret
655 1547 700 1603 his
711 1564 746 1603 ne
755 1546 911 1619 legiones¹¹
920 1548 1032 1604 Tanain
1039 1557 1065 1588 ¹³

154 1652 278 1702 amnem,
294 1635 405 1710 injussu
428 1636 516 1710 regis,
533 1636 699 1692 transirent.
715 1635 814 1691 Eidem
833 1637 1000 1694 mandatum
1026 1643 1066 1698 ut

155 1726 395 1798 contemplaretur
405 1727 533 1783 locorum
547 1727 645 1796 situm,
662 1729 690 1783 et
704 1725 769 1783 illos
792 1742 907 1799 quoque
922 1727 1061 1799 Scythas,

155 1814 203 1889 qui
229 1832 314 1889 super
337 1814 517 1888 Bosphorum
541 1814 649 1881 colunt,
670 1814 784 1871 viseret.
811 1813 863 1887 [13]
894 1815 1064 1875 Condendae

155 1905 218 1960 urbi
227 1910 250 1942 ¹⁴
275 1906 371 1961 sedem
390 1911 476 1976 super
502 1903 593 1975 ripam
616 1903 719 1961 Tanais
739 1904 874 1977 elegerat,
897 1904 1065 1965 claustrum

154 1996 183 2049 et
202 1992 261 2066 jam
277 1992 502 2067 perdomitorum
522 1995 550 2048 et
571 1996 642 2065 quot
655 1993 757 2049 deinde
777 1992 856 2049 adire
881 1994 1060 2053 decreverat.

155 2081 211 2136 Sed
233 2080 383 2137 consilium
407 2079 518 2136 distulit
543 2080 753 2153 Sogdianorum
774 2080 905 2138 nuntiata
923 2082 1062 2157 delectiO,

155 2185 217 2243 quae
231 2168 396 2225 Bactrianos
418 2183 531 2239 quoque
550 2169 646 2225 traxit.
669 2169 721 2243 [11]
747 2185 789 2226 vu
809 2168 900 2227 millia
923 2170 1064 2243 equitum

154 2260 245 2325 erant,
261 2273 384 2330 quorum
396 2256 595 2314 arroteritatem
608 2258 694 2314 ceteri
709 2258 910 2330 sequebantur.

188 2348 346 2404 Alexander
358 2344 540 2419 Spitamenen
554 2351 582 2403 et
595 2346 730 2416 Cateneu,
742 2363 758 2403 a
772 2348 875 2420 quibus
889 2349 916 2405 ei
932 2350 1064 2410 traditus

154 2438 217 2493 erat
229 2435 344 2505 Bessus,
368 2434 444 2491 haud
459 2435 562 2492 dubius
576 2434 644 2510 quin
660 2452 760 2492 eorum
781 2452 868 2508 opera
880 2436 971 2509 redigi
986 2455 1065 2509 pos-

154 2528 218 2583 sent
237 2525 266 2581 in
285 2526 455 2597 potestatem
478 2524 527 2597 qui
548 2526 722 2581 novaverant
742 2541 799 2596 res,
821 2524 909 2597 jussit
934 2531 1061 2586 accersi.

155 2616 206 2689 [15]
223 2616 258 2671 At
277 2613 328 2684 illi,
343 2614 518 2681 defectionis,
535 2615 570 2670 ad
591 2631 677 2686 quam
696 2614 880 2672 coercendam
892 2618 1064 2675 evocaban-

154 2784 172 2819 1.
191 2777 278 2828 rubia,
296 2774 395 2830 suppltez
416 2774 526 2817 lecticom.
551 2796 575 2803 —
629 2773 728 2818 clairzil
751 2775 829 2819 semble
850 2788 892 2831 qus
913 2776 944 2819 les
961 2777 1064 2833 Scythes

153 2844 173 2881 t.
190 2838 274 2891 cyrus,
295 2835 387 2881 allusion
406 2837 418 2878 t
441 2832 575 2889 l'expediticu
628 2837 735 2893 d'Europe
750 2836 836 2882 avaient
855 2840 937 2893 euvoyt
954 2851 997 2885 ane
1010 2854 1064 2887 am.

85 2902 90 2913 ¹
152 2900 268 2942 oontrsles
284 2900 421 2952 Massagetes,
436 2910 462 2943 sn
481 2903 527 2941 129.
548 2920 574 2929 ·—
627 2898 715 2943 banada
732 2913 759 2945 en
778 2900 845 2943 meme
866 2905 937 2956 temps
957 2914 1001 2957 que
1023 2904 1064 2951 les

153 2959 573 3014 to.ltbcrt...sccturi‚serapportent,
625 2961 715 3020 chu
737 2960 827 3005 misna
843 2971 919 3007 -12
939 2963 1062 3021 briones,

151 3028 190 3071 par
210 3032 239 3064 un
256 3026 305 3067 tour
323 3034 381 3065 ussa
401 3022 487 3074 librat
502 3021 574 3064 Abio-
625 3034 673 3077 roy.
692 3025 752 3068 Dtct,
769 3023 876 3068 11111.-
895 3027 1061 3080 castenato,

152 3094 214 3129 rum.
238 3106 264 3116 -
284 3093 315 3132 ιι.
334 3087 387 3137 tros,
416 3095 506 3141 passage
531 3096 573 3140 peu
624 3086 1063 3142 l¹luarte3voy.htct.Htst.-tt.w·
