2317 3500
105 160 188 244 [occ.
208 161 278 244 331]
491 179 588 222 aranu
608 179 638 220 v.
952 170 1006 223 127

103 295 201 368 repelli
213 295 466 368 peooradicantur,
481 310 516 350 ne
528 293 646 350 satietas
660 294 792 366 perimat.
801 294 1007 352 Causa'lertili·

103 388 172 444 tatis
181 391 227 443 est
235 388 339 442 humor
350 387 399 459 qui
411 403 444 442 ex
459 390 580 458 utroque
592 401 675 441 amne
687 389 794 457 manat,
805 390 862 444 toto
875 388 933 443 fere
945 389 1007 444 solo

103 480 218 548 propter
241 491 329 532 venas
348 479 520 548 aquarum²⁰
537 473 691 530 resudante
701 479 733 528 ²¹.
758 474 810 548 [13]
834 475 890 547 lpsi
909 493 1007 532 amnes

104 581 137 620 ex
155 564 297 619 Armeniae
314 563 460 619 montibus
474 563 622 634 profluunt
635 579 668 619 ac
686 579 791 636 magno
806 563 906 620 deiude
920 582 1005 637 aqua-

104 670 169 709 rum
187 653 337 708 divortio¹³
352 653 407 708 iter
428 653 503 724 quod
524 655 669 724 coeperunt
683 657 878 724 percurrunt:
901 671 921 710 11
938 652 1006 710 mil-

104 739 142 795 lia
160 744 189 796 et
210 740 368 811 quingenta
390 739 483 796 stadia
506 739 615 796 emensi
637 743 714 808 sunt,
734 739 783 812 qui
798 740 1005 810 amplissimum

103 829 285 886 intervallum
297 829 371 884 circa
384 829 524 885 Armeniae
539 832 651 886 montes
659 832 839 890 notaverunt.
854 828 906 901 [14]
917 827 1005 894 Idem,

46 955 54 965 ι
104 935 169 974 cum
181 917 280 974 Mediae
292 921 320 974 ct
335 919 537 990 Gordyaeorum
553 921 645 975 terras
659 933 756 974 secare
772 921 928 989 coeperunt,
941 934 1006 988 pau-

105 1005 185 1062 latim
200 1006 227 1061 in
241 1006 331 1062 artius
338 1010 451 1076 coeunt,
459 1010 498 1077 ot,
511 1023 568 1078 quo
576 1005 825 1078 longiusculam,
836 1007 890 1061 hoc
902 995 1007 1080 angus-

104 1092 282 1150 tiusinterse
296 1095 421 1166 spatium
435 1097 519 1150 terrae
533 1093 709 1164 relinquunt.
722 1093 774 1165 [15]
785 1093 875 1148 Vicini
885 1094 1006 1150 maxime

104 1184 171 1237 sunt
193 1182 223 1237 in
246 1183 352 1256 campis
369 1200 442 1255 quos
465 1183 564 1238 incole
584 1181 818 1252 Mesopotamiam
844 1182 1004 1254 appellant:

105 1271 227 1327 mediam
251 1276 403 1344 namque²³
426 1273 461 1328 ab
480 1273 603 1343 utroque
626 1271 715 1326 latere
738 1270 900 1326 cluduntfl.
928 1271 1006 1328 Idem

106 1375 156 1429 per
172 1359 393 1431 Babyloniorum
408 1359 478 1415 lines
495 1358 524 1414 in
540 1358 669 1415 Rubrum
684 1373 763 1414 mare
778 1358 952 1430 irrumpunt.

140 1447 190 1518 [16]
206 1448 362 1504 Alexander
377 1447 487 1520 quartis
502 1447 632 1504 castris²⁵
647 1449 682 1504 ad
697 1447 812 1504 Mennin
825 1450 924 1505 urbcm
939 1465 1006 1520 per-

105 1533 192 1589 venit.
215 1533 343 1603 Caverna
357 1533 395 1591 ibi
408 1540 462 1602 est,
481 1552 515 1591 ex
532 1552 590 1607 qua
609 1537 673 1592 lons
689 1535 835 1608 ingentem
856 1535 1005 1592 bituminis

105 1620 162 1677 vim
185 1623 313 1691 effundit,
336 1624 405 1679 adeo
427 1628 460 1679 ut
476 1624 548 1680 satis
569 1628 680 1681 constet
701 1625 871 1698 Babylonios
897 1641 1002 1692 muros,

107 1709 229 1780 ingentis
241 1711 335 1783 operis
343 1716 376 1777 ²⁸,
390 1712 475 1785 hujus
487 1712 574 1769 tontis
587 1712 726 1769 bitumine
738 1713 880 1771 interlitos
895 1730 967 1771 esse.
983 1745 988 1755 ·

141 1800 191 1873 [17]
201 1800 343 1871 Ceterum,
351 1800 518 1874 Babylona²¹
526 1802 689 1874 procedenti
697 1802 864 1871 Alexandro,
873 1802 1004 1869 Mazaeus,

106 1887 154 1957 qui
169 1904 203 1943 ex
216 1888 305 1945 acie¹⁸
316 1888 345 1943 in
357 1905 420 1944 eam
434 1891 534 1945 urbem
548 1890 725 1961 confugerat,
742 1905 806 1944 oum
820 1888 926 1944 adultis
941 1890 1006 1945 libe·

106 1972 145 2029 ris
159 1977 277 2048 supplex
293 1976 425 2047 occurrit,
438 1978 539 2033 urbem
555 1994 642 2050 seque
655 1977 770 2033 dedens.
781 1976 884 2031 Gratus
899 1976 1005 2032 adven-

106 2065 153 2119 tus
162 2063 223 2135 ejus
232 2063 294 2137 regi
307 2064 371 2133 fuit,
380 2065 484 2138 quippo
495 2066 591 2139 magni
607 2065 700 2137 operis
713 2063 822 2121 obsidio
830 2065 928 2121 lutura
942 2070 1005 2119 crat

106 2153 164 2207 tam
189 2152 306 2209 munitae
327 2153 416 2208 urbis.
441 2153 494 2225 [18]
517 2155 558 2210 nc
583 2154 645 2222 hoc,
661 2153 705 2209 vir
725 2153 846 2209 illustris
867 2156 896 2211 et
918 2170 1004 2209 manu

106 2243 263 2310 promptus,
280 2241 410 2313 famaque
424 2241 508 2298 etiam
523 2242 652 2311 proximo
666 2242 764 2313 proelio
777 2241 896 2298 celebris
904 2245 928 2279 ²⁹
947 2245 1005 2297 et³⁰

105 2331 216 2384 ceteros
228 2329 263 2384 ad
278 2328 452 2386 deditionem
467 2329 543 2385 suit1
559 2330 727 2387 incitaturus
745 2332 872 2403 exemplo
890 2330 1004 2387 videba-

105 2419 163 2471 tur.
184 2415 273 2489 Igitur
294 2419 370 2474 hunc
391 2418 506 2491 quidem
531 2420 653 2491 benigne
673 2436 738 2475 cum
762 2419 860 2476 liberis
882 2420 1001 2492 excipit:

107 2503 160 2575 [19]
167 2509 291 2561 ceterum
300 2506 439 2578 quadrato
451 2506 573 2580 agmine,
587 2508 663 2581 quod
674 2508 733 2579 ipse
743 2509 872 2581 ducebat,
883 2512 961 2567 velut
974 2512 1002 2565 in

106 2590 194 2647 aciem
203 2592 287 2663 irent,
295 2593 407 2667 ingredi
415 2610 482 2650 suos
488 2594 577 2667 jubet.
592 2596 696 2668 Magna
706 2614 770 2668 pars
781 2596 1002 2670 Babyloniorum

103 2786 221 2838 sanctule
237 2801 289 2844 papo
310 2789 377 2842 situt;
392 2802 440 2844 roy.
462 2790 524 2832 uem.
579 2792 642 2834 Rern.
664 2796 697 2835 tt.
727 2812 752 2823 -
780 2797 813 2835 2⁵.
839 2790 931 2842 castris,
953 2800 1001 2843 roy.

106 2848 526 2903 ltro-acmenmoqooromils'a-
579 2855 638 2896 Dict.
656 2854 716 2897 Htst.
745 2875 773 2886 -
792 2858 826 2897 2⁶.
846 2852 932 2905 operis,
951 2862 999 2905 roy.

104 2910 262 2962 gildaranaux.
275 2911 410 2967 aujourd'hni
422 2913 525 2957 ansables.
579 2917 642 2960 Rem.
660 2924 692 2961 97.
705 2940 732 2949 -
757 2922 791 2961 27.
809 2912 938 2969 Babylona,
953 2926 1000 2969 roy.

103 2994 130 3003 -
146 2977 179 3015 2¹.
202 2974 334 3027 resudante,
354 2980 399 3017 mot
420 2976 464 3017 trts
480 2987 525 3018 rare
578 2980 641 3023 Rern.
661 2976 1000 3031 ru.-2o.mccio‚cl.1v‚

105 3038 127 3075 ct
139 3046 177 3087 pas
188 3034 217 3080 llo
227 3042 274 3079 tout
286 3036 399 3092 classique.
411 3060 439 3069 -
449 3042 483 3081 22.
492 3038 526 3080 di·
578 3050 625 3095 xri,
638 3048 657 3085 7.
669 3063 696 3072 -
712 3047 745 3085 29.
758 3040 861 3090 celebris,
876 3050 923 3093 roy.
937 3039 1000 3083 Rem.

104 3098 188 3151 corito,
199 3098 318 3143 iumnclle.
332 3107 401 3145 -23.
417 3112 525 3154 motu,
580 3110 603 3149 ll
621 3104 641 3147 b.
656 3125 683 3137 -
698 3109 732 3147 3⁰.
747 3106 774 3155 st.
797 3112 846 3156 roy.
871 3101 934 3143 Rem.
954 3107 999 3147 152.

104 3161 525 3219 vop.nm.1ra.-n.ctocum,v05.
579 3188 605 3199 -
628 3172 661 3211 st.
684 3166 731 3217 aot,
765 3174 814 3219 vop.
835 3163 898 3207 Han.
918 3170 951 3209 te.
973 3184 1001 3197 ·-
