<?xml version="1.0" encoding="UTF-8"?>
<!DOCTYPE html PUBLIC "-//W3C//DTD XHTML 1.0 Transitional//EN"
    "http://www.w3.org/TR/xhtml1/DTD/xhtml1-transitional.dtd">
<html xmlns="http://www.w3.org/1999/xhtml" xml:lang="en" lang="en">
 <head>
  <title>
</title>
<meta http-equiv="Content-Type" content="text/html;charset=utf-8" />
  <meta name='ocr-system' content='tesseract 3.04.00' />
  <meta name='ocr-capabilities' content='ocr_page ocr_carea ocr_par ocr_line ocrx_word'/>
</head>
<body>
  <div class='ocr_page' id='page_1' title='image "./qcurtiirufihist00vogegoog_0406.png"; bbox 0 0 2317 3500; ppageno 0'>
   <div class='ocr_carea' id='block_1_1' title="bbox 150 112 1085 2597">
    <p class='ocr_par' dir='ltr' id='par_1_1' title="bbox 150 112 1085 720">
     <span class='ocr_line' id='line_1_1' title="bbox 150 112 1085 190; baseline 0 -17"><span class='ocrx_word' id='word_1_1' title='bbox 150 115 225 173; x_wconf 89' lang='lat' dir='ltr'>tristi</span> <span class='ocrx_word' id='word_1_2' title='bbox 251 113 363 170; x_wconf 89' lang='lat' dir='ltr'>silentio</span> <span class='ocrx_word' id='word_1_3' title='bbox 392 115 471 169; x_wconf 89' lang='lat' dir='ltr'>muta</span> <span class='ocrx_word' id='word_1_4' title='bbox 489 115 651 184; x_wconf 74' lang='lat' dir='ltr'>torpebant,</span> <span class='ocrx_word' id='word_1_5' title='bbox 673 113 710 169; x_wconf 92' lang='lat' dir='ltr'>ad</span> <span class='ocrx_word' id='word_1_6' title='bbox 735 112 935 186; x_wconf 87' lang='lat' dir='ltr'>cogitationes</span> <span class='ocrx_word' id='word_1_7' title='bbox 951 121 980 153; x_wconf 83' lang='lat'>¹⁴</span> <span class='ocrx_word' id='word_1_8' title='bbox 1007 117 1085 190; x_wconf 92' lang='lat' dir='ltr'>quid</span> 
     </span>
     <span class='ocr_line' id='line_1_2' title="bbox 150 201 1083 276; baseline 0 -14"><span class='ocrx_word' id='word_1_9' title='bbox 150 204 250 262; x_wconf 90' lang='lat' dir='ltr'>deinde</span> <span class='ocrx_word' id='word_1_10' title='bbox 260 203 388 258; x_wconf 87' lang='lat' dir='ltr'>futurum</span> <span class='ocrx_word' id='word_1_11' title='bbox 397 206 473 260; x_wconf 88' lang='lat' dir='ltr'>esset</span> <span class='ocrx_word' id='word_1_12' title='bbox 486 203 585 258; x_wconf 92' lang='lat' dir='ltr'>dolore</span> <span class='ocrx_word' id='word_1_13' title='bbox 602 218 751 258; x_wconf 86' lang='lat' dir='ltr'>converso.</span> <span class='ocrx_word' id='word_1_14' title='bbox 761 202 795 275; x_wconf 85' lang='grc'>[8]</span> <span class='ocrx_word' id='word_1_15' title='bbox 807 201 931 259; x_wconf 84' lang='lat' dir='ltr'>Nobiles</span> <span class='ocrx_word' id='word_1_16' title='bbox 942 207 1036 276; x_wconf 93' lang='lat' dir='ltr'>pueri</span> <span class='ocrx_word' id='word_1_17' title='bbox 1045 212 1083 272; x_wconf 80' lang='lat'>¹⁵,</span> 
     </span>
     <span class='ocr_line' id='line_1_3' title="bbox 150 289 1082 364; baseline 0 -14"><span class='ocrx_word' id='word_1_18' title='bbox 150 291 284 350; x_wconf 74' lang='lat' dir='ltr'>custodie</span> <span class='ocrx_word' id='word_1_19' title='bbox 295 291 422 364; x_wconf 89' lang='lat' dir='ltr'>corporis</span> <span class='ocrx_word' id='word_1_20' title='bbox 435 291 496 364; x_wconf 85' lang='lat' dir='ltr'>ejus</span> <span class='ocrx_word' id='word_1_21' title='bbox 509 290 627 360; x_wconf 87' lang='lat' dir='ltr'>assueti,</span> <span class='ocrx_word' id='word_1_22' title='bbox 640 307 693 346; x_wconf 93' lang='lat' dir='ltr'>nec</span> <span class='ocrx_word' id='word_1_23' title='bbox 706 289 817 347; x_wconf 87' lang='lat' dir='ltr'>doloris</span> <span class='ocrx_word' id='word_1_24' title='bbox 829 291 1082 362; x_wconf 82' lang='lat' dir='ltr'><strong>magnitudinem</strong></span> 
     </span>
     <span class='ocr_line' id='line_1_4' title="bbox 151 378 1081 455; baseline 0.002 -17"><span class='ocrx_word' id='word_1_25' title='bbox 151 397 250 455; x_wconf 82' lang='lat' dir='ltr'>capere</span> <span class='ocrx_word' id='word_1_26' title='bbox 264 399 315 438; x_wconf 89' lang='lat' dir='ltr'>nec</span> <span class='ocrx_word' id='word_1_27' title='bbox 330 398 360 438; x_wconf 92' lang='lat' dir='ltr'>se</span> <span class='ocrx_word' id='word_1_28' title='bbox 375 382 452 453; x_wconf 88' lang='lat' dir='ltr'>ipsos</span> <span class='ocrx_word' id='word_1_29' title='bbox 466 381 542 438; x_wconf 89' lang='lat' dir='ltr'>intra</span> <span class='ocrx_word' id='word_1_30' title='bbox 554 380 730 438; x_wconf 88' lang='lat' dir='ltr'>vestibulum</span> <span class='ocrx_word' id='word_1_31' title='bbox 743 378 833 452; x_wconf 78' lang='lat' dir='ltr'>regiae</span> <span class='ocrx_word' id='word_1_32' title='bbox 847 383 953 438; x_wconf 89' lang='lat' dir='ltr'>tenere</span> <span class='ocrx_word' id='word_1_33' title='bbox 965 387 1081 454; x_wconf 89' lang='lat' dir='ltr'>potne-</span> 
     </span>
     <span class='ocr_line' id='line_1_5' title="bbox 151 469 1080 545; baseline 0.002 -17"><span class='ocrx_word' id='word_1_34' title='bbox 151 474 233 538; x_wconf 80' lang='lat' dir='ltr'>runt3</span> <span class='ocrx_word' id='word_1_35' title='bbox 251 471 373 545; x_wconf 89' lang='lat' dir='ltr'>vagique</span> <span class='ocrx_word' id='word_1_36' title='bbox 386 474 414 526; x_wconf 92' lang='lat' dir='ltr'>et</span> <span class='ocrx_word' id='word_1_37' title='bbox 426 469 588 526; x_wconf 83' lang='lat' dir='ltr'>furentibus</span> <span class='ocrx_word' id='word_1_38' title='bbox 602 469 721 539; x_wconf 86' lang='lat' dir='ltr'>similes,</span> <span class='ocrx_word' id='word_1_39' title='bbox 735 473 848 526; x_wconf 89' lang='lat' dir='ltr'>tantam</span> <span class='ocrx_word' id='word_1_40' title='bbox 862 471 974 528; x_wconf 89' lang='lat' dir='ltr'>urbem</span> <span class='ocrx_word' id='word_1_41' title='bbox 992 473 1080 530; x_wconf 81' lang='lat' dir='ltr'>luctu</span> 
     </span>
     <span class='ocr_line' id='line_1_6' title="bbox 153 557 1080 636; baseline 0.002 -17"><span class='ocrx_word' id='word_1_42' title='bbox 153 579 184 619; x_wconf 87' lang='lat' dir='ltr'>ac</span> <span class='ocrx_word' id='word_1_43' title='bbox 200 577 319 618; x_wconf 78' lang='lat' dir='ltr'>merore</span> <span class='ocrx_word' id='word_1_44' title='bbox 336 560 555 632; x_wconf 89' lang='lat' dir='ltr'>compleverant,</span> <span class='ocrx_word' id='word_1_45' title='bbox 576 560 664 616; x_wconf 92' lang='lat' dir='ltr'>nullis</span> <span class='ocrx_word' id='word_1_46' title='bbox 682 558 835 632; x_wconf 77' lang='lat' dir='ltr'>questibus</span> <span class='ocrx_word' id='word_1_47' title='bbox 854 557 980 618; x_wconf 90' lang='lat' dir='ltr'>omissis</span> <span class='ocrx_word' id='word_1_48' title='bbox 999 579 1080 636; x_wconf 89' lang='lat' dir='ltr'>quos</span> 
     </span>
     <span class='ocr_line' id='line_1_7' title="bbox 153 648 577 720; baseline -0.007 -13"><span class='ocrx_word' id='word_1_49' title='bbox 153 650 181 706; x_wconf 98' lang='lat' dir='ltr'>in</span> <span class='ocrx_word' id='word_1_50' title='bbox 195 651 245 707; x_wconf 90' lang='lat' dir='ltr'>tali</span> <span class='ocrx_word' id='word_1_51' title='bbox 259 666 326 707; x_wconf 88' lang='lat' dir='ltr'>casu</span> <span class='ocrx_word' id='word_1_52' title='bbox 339 650 420 706; x_wconf 91' lang='lat' dir='ltr'>dolor</span> <span class='ocrx_word' id='word_1_53' title='bbox 437 648 577 720; x_wconf 83' lang='lat' dir='ltr'>suggerit.</span> 
     </span>
    </p>

    <p class='ocr_par' dir='ltr' id='par_1_2' title="bbox 152 737 1081 1346">
     <span class='ocr_line' id='line_1_8' title="bbox 189 737 1079 812; baseline 0.003 -16"><span class='ocrx_word' id='word_1_54' title='bbox 189 741 221 812; x_wconf 80' lang='grc'>[6]</span> <span class='ocrx_word' id='word_1_55' title='bbox 233 740 320 812; x_wconf 89' lang='lat' dir='ltr'>Ergo,</span> <span class='ocrx_word' id='word_1_56' title='bbox 331 737 380 812; x_wconf 92' lang='lat' dir='ltr'>qui</span> <span class='ocrx_word' id='word_1_57' title='bbox 390 741 469 794; x_wconf 87' lang='lat' dir='ltr'>extra</span> <span class='ocrx_word' id='word_1_58' title='bbox 482 737 593 812; x_wconf 83' lang='lat' dir='ltr'>regiam</span> <span class='ocrx_word' id='word_1_59' title='bbox 605 739 788 807; x_wconf 79' lang='lat' dir='ltr'>adstiterunt,</span> <span class='ocrx_word' id='word_1_60' title='bbox 801 739 982 797; x_wconf 83' lang='lat' dir='ltr'>Macedones</span> <span class='ocrx_word' id='word_1_61' title='bbox 996 742 1079 812; x_wconf 88' lang='lat' dir='ltr'>pari-</span> 
     </span>
     <span class='ocr_line' id='line_1_9' title="bbox 152 827 1079 901; baseline 0.001 -14"><span class='ocrx_word' id='word_1_62' title='bbox 152 834 196 888; x_wconf 91' lang='lat' dir='ltr'>ter</span> <span class='ocrx_word' id='word_1_63' title='bbox 210 828 389 901; x_wconf 87' lang='lat' dir='ltr'>barbarique,</span> <span class='ocrx_word' id='word_1_64' title='bbox 403 832 593 895; x_wconf 76' lang='lat' dir='ltr'>concurrunt3</span> <span class='ocrx_word' id='word_1_65' title='bbox 610 845 663 889; x_wconf 90' lang='lat' dir='ltr'>nec</span> <span class='ocrx_word' id='word_1_66' title='bbox 679 827 893 900; x_wconf 82' lang='lat' dir='ltr'>poterantricti</span> <span class='ocrx_word' id='word_1_67' title='bbox 912 846 932 885; x_wconf 93' lang='lat' dir='ltr'>a</span> <span class='ocrx_word' id='word_1_68' title='bbox 951 829 1079 888; x_wconf 87' lang='lat' dir='ltr'>victori-</span> 
     </span>
     <span class='ocr_line' id='line_1_10' title="bbox 153 916 1080 990; baseline 0.001 -15"><span class='ocrx_word' id='word_1_69' title='bbox 153 921 206 976; x_wconf 88' lang='lat' dir='ltr'>bus</span> <span class='ocrx_word' id='word_1_70' title='bbox 224 919 254 974; x_wconf 90' lang='lat' dir='ltr'>in</span> <span class='ocrx_word' id='word_1_71' title='bbox 271 917 415 974; x_wconf 87' lang='lat' dir='ltr'>communi</span> <span class='ocrx_word' id='word_1_72' title='bbox 429 917 526 974; x_wconf 92' lang='lat' dir='ltr'>dolore</span> <span class='ocrx_word' id='word_1_73' title='bbox 540 916 673 974; x_wconf 87' lang='lat' dir='ltr'>discerni.</span> <span class='ocrx_word' id='word_1_74' title='bbox 695 917 791 974; x_wconf 75' lang='lat' dir='ltr'>Persa</span> <span class='ocrx_word' id='word_1_75' title='bbox 811 916 1020 990; x_wconf 86' lang='lat' dir='ltr'>justissimum</span> <span class='ocrx_word' id='word_1_76' title='bbox 1045 939 1080 978; x_wconf 91' lang='lat' dir='ltr'>ac</span> 
     </span>
     <span class='ocr_line' id='line_1_11' title="bbox 153 1005 1080 1079; baseline 0.001 -14"><span class='ocrx_word' id='word_1_77' title='bbox 153 1007 338 1065; x_wconf 87' lang='lat' dir='ltr'>mitissimum</span> <span class='ocrx_word' id='word_1_78' title='bbox 358 1005 517 1076; x_wconf 90' lang='lat' dir='ltr'>dominum,</span> <span class='ocrx_word' id='word_1_79' title='bbox 540 1006 709 1063; x_wconf 88' lang='lat' dir='ltr'>Macedones</span> <span class='ocrx_word' id='word_1_80' title='bbox 723 1007 867 1079; x_wconf 91' lang='lat' dir='ltr'>optimum</span> <span class='ocrx_word' id='word_1_81' title='bbox 885 1024 921 1064; x_wconf 91' lang='lat' dir='ltr'>ac</span> <span class='ocrx_word' id='word_1_82' title='bbox 943 1009 1080 1066; x_wconf 78' lang='lat' dir='ltr'>fortissi-</span> 
     </span>
     <span class='ocr_line' id='line_1_12' title="bbox 155 1095 1081 1168; baseline 0.004 -16"><span class='ocrx_word' id='word_1_83' title='bbox 155 1115 234 1152; x_wconf 87' lang='lat' dir='ltr'>mum</span> <span class='ocrx_word' id='word_1_84' title='bbox 252 1113 350 1168; x_wconf 89' lang='lat' dir='ltr'>regem</span> <span class='ocrx_word' id='word_1_85' title='bbox 372 1095 536 1152; x_wconf 89' lang='lat' dir='ltr'>invocantes</span> <span class='ocrx_word' id='word_1_86' title='bbox 546 1100 579 1163; x_wconf 76' lang='lat'>¹⁶,</span> <span class='ocrx_word' id='word_1_87' title='bbox 600 1098 744 1152; x_wconf 87' lang='lat' dir='ltr'>certamen</span> <span class='ocrx_word' id='word_1_88' title='bbox 764 1097 912 1168; x_wconf 89' lang='lat' dir='ltr'>quoddam</span> <span class='ocrx_word' id='word_1_89' title='bbox 935 1099 1081 1156; x_wconf 84' lang='lat' dir='ltr'>maeroris</span> 
     </span>
     <span class='ocr_line' id='line_1_13' title="bbox 154 1182 1080 1260; baseline 0.002 -18"><span class='ocrx_word' id='word_1_90' title='bbox 154 1187 285 1242; x_wconf 89' lang='lat' dir='ltr'>edebant.</span> <span class='ocrx_word' id='word_1_91' title='bbox 308 1183 358 1256; x_wconf 87' lang='lat'>[10]</span> <span class='ocrx_word' id='word_1_92' title='bbox 374 1182 431 1240; x_wconf 87' lang='lat' dir='ltr'>Nec</span> <span class='ocrx_word' id='word_1_93' title='bbox 446 1186 612 1240; x_wconf 86' lang='lat' dir='ltr'>maestorum</span> <span class='ocrx_word' id='word_1_94' title='bbox 624 1186 719 1241; x_wconf 91' lang='lat' dir='ltr'>solum</span> <span class='ocrx_word' id='word_1_95' title='bbox 735 1185 787 1241; x_wconf 90' lang='lat' dir='ltr'>sed</span> <span class='ocrx_word' id='word_1_96' title='bbox 805 1185 894 1242; x_wconf 89' lang='lat' dir='ltr'>etiam</span> <span class='ocrx_word' id='word_1_97' title='bbox 910 1184 1080 1260; x_wconf 87' lang='lat' dir='ltr'>indignan-</span> 
     </span>
     <span class='ocr_line' id='line_1_14' title="bbox 155 1270 1081 1346; baseline 0.004 -17"><span class='ocrx_word' id='word_1_98' title='bbox 155 1273 228 1329; x_wconf 88' lang='lat' dir='ltr'>tium</span> <span class='ocrx_word' id='word_1_99' title='bbox 248 1287 331 1327; x_wconf 89' lang='lat' dir='ltr'>voces</span> <span class='ocrx_word' id='word_1_100' title='bbox 352 1270 592 1327; x_wconf 83' lang='lat' dir='ltr'>exaudiebantur:</span> <span class='ocrx_word' id='word_1_101' title='bbox 605 1277 665 1328; x_wconf 89' lang='lat' dir='ltr'>tam</span> <span class='ocrx_word' id='word_1_102' title='bbox 683 1271 805 1330; x_wconf 86' lang='lat' dir='ltr'>viridem</span> <span class='ocrx_word' id='word_1_103' title='bbox 814 1279 851 1344; x_wconf 77' lang='lat'>¹⁷,</span> <span class='ocrx_word' id='word_1_104' title='bbox 866 1277 896 1330; x_wconf 94' lang='lat' dir='ltr'>et</span> <span class='ocrx_word' id='word_1_105' title='bbox 911 1273 1081 1346; x_wconf 20' lang='lat' dir='ltr'>in1ssore¹⁸</span> 
     </span>
    </p>

    <p class='ocr_par' dir='ltr' id='par_1_3' title="bbox 154 1357 1082 2597">
     <span class='ocr_line' id='line_1_15' title="bbox 155 1357 1082 1456; baseline 0.008 -41.197"><span class='ocrx_word' id='word_1_106' title='bbox 155 1360 246 1418; x_wconf 86' lang='lat' dir='ltr'>aetatis</span> <span class='ocrx_word' id='word_1_107' title='bbox 260 1361 448 1456; x_wconf 79' lang='lat' dir='ltr'>fortunaeque,</span> <span class='ocrx_word' id='word_1_108' title='bbox 469 1357 575 1416; x_wconf 93' lang='lat' dir='ltr'>invidia</span> <span class='ocrx_word' id='word_1_109' title='bbox 587 1362 673 1418; x_wconf 90' lang='lat' dir='ltr'>deum</span> <span class='ocrx_word' id='word_1_110' title='bbox 689 1365 820 1434; x_wconf 89' lang='lat' dir='ltr'>ereptum</span> <span class='ocrx_word' id='word_1_111' title='bbox 832 1379 897 1419; x_wconf 92' lang='lat' dir='ltr'>esse</span> <span class='ocrx_word' id='word_1_112' title='bbox 911 1364 1006 1422; x_wconf 90' lang='lat' dir='ltr'>rebus</span> <span class='ocrx_word' id='word_1_113' title='bbox 1022 1365 1082 1422; x_wconf 90' lang='lat' dir='ltr'>hu-</span> 
     </span>
     <span class='ocr_line' id='line_1_16' title="bbox 154 1445 1081 1550; baseline 0.006 -46"><span class='ocrx_word' id='word_1_114' title='bbox 154 1447 284 1504; x_wconf 82' lang='lat' dir='ltr'>manis¹⁹.</span> <span class='ocrx_word' id='word_1_115' title='bbox 305 1445 394 1518; x_wconf 84' lang='lat' dir='ltr'>Vigor</span> <span class='ocrx_word' id='word_1_116' title='bbox 411 1445 483 1519; x_wconf 76' lang='lat' dir='ltr'>ejus,</span> <span class='ocrx_word' id='word_1_117' title='bbox 503 1450 532 1504; x_wconf 90' lang='lat' dir='ltr'>et</span> <span class='ocrx_word' id='word_1_118' title='bbox 554 1449 652 1506; x_wconf 90' lang='lat' dir='ltr'>vultus</span> <span class='ocrx_word' id='word_1_119' title='bbox 665 1453 691 1487; x_wconf 85' lang='lat'>¹⁰</span> <span class='ocrx_word' id='word_1_120' title='bbox 709 1450 886 1506; x_wconf 85' lang='lat' dir='ltr'>educentis&#39;</span> <span class='ocrx_word' id='word_1_121' title='bbox 880 1469 910 1507; x_wconf 89' lang='lat' dir='ltr'>ru</span> <span class='ocrx_word' id='word_1_122' title='bbox 931 1453 1081 1550; x_wconf 82' lang='lat' dir='ltr'>proelium</span> 
     </span>
     <span class='ocr_line' id='line_1_17' title="bbox 155 1521 1081 1608; baseline 0.008 -17"><span class='ocrx_word' id='word_1_123' title='bbox 155 1521 271 1604; x_wconf 88' lang='lat' dir='ltr'>milites,</span> <span class='ocrx_word' id='word_1_124' title='bbox 283 1533 439 1591; x_wconf 91' lang='lat' dir='ltr'>obsidentis</span> <span class='ocrx_word' id='word_1_125' title='bbox 451 1536 547 1605; x_wconf 77' lang='lat' dir='ltr'>urbeS,</span> <span class='ocrx_word' id='word_1_126' title='bbox 561 1536 725 1594; x_wconf 88' lang='lat' dir='ltr'>evadentis</span> <span class='ocrx_word' id='word_1_127' title='bbox 719 1555 748 1593; x_wconf 89' lang='lat' dir='ltr'>in</span> <span class='ocrx_word' id='word_1_128' title='bbox 758 1555 870 1608; x_wconf 90' lang='lat' dir='ltr'>muros,</span> <span class='ocrx_word' id='word_1_129' title='bbox 885 1538 1019 1594; x_wconf 77' lang='lat' dir='ltr'>fortes</span> <span class='ocrx_word' id='word_1_130' title='bbox 991 1557 1081 1598; x_wconf 84' lang='lat' dir='ltr'>viros</span> 
     </span>
     <span class='ocr_line' id='line_1_18' title="bbox 154 1625 1081 1700; baseline 0.007 -19"><span class='ocrx_word' id='word_1_131' title='bbox 154 1642 206 1698; x_wconf 92' lang='lat' dir='ltr'>pro</span> <span class='ocrx_word' id='word_1_132' title='bbox 221 1625 351 1682; x_wconf 89' lang='lat' dir='ltr'>contione</span> <span class='ocrx_word' id='word_1_133' title='bbox 362 1625 504 1692; x_wconf 68' lang='lat' dir='ltr'>donantis</span> <span class='ocrx_word' id='word_1_134' title='bbox 514 1627 701 1683; x_wconf 88' lang='lat' dir='ltr'>occurrebant</span> <span class='ocrx_word' id='word_1_135' title='bbox 711 1628 812 1684; x_wconf 89' lang='lat' dir='ltr'>oculis.</span> <span class='ocrx_word' id='word_1_136' title='bbox 824 1628 876 1700; x_wconf 95' lang='grc'>[11]</span> <span class='ocrx_word' id='word_1_137' title='bbox 887 1628 962 1683; x_wconf 91' lang='lat' dir='ltr'>Tum</span> <span class='ocrx_word' id='word_1_138' title='bbox 976 1629 1081 1686; x_wconf 90' lang='lat' dir='ltr'>Mace-</span> 
     </span>
     <span class='ocr_line' id='line_1_19' title="bbox 156 1715 1080 1790; baseline 0.002 -15"><span class='ocrx_word' id='word_1_139' title='bbox 156 1719 244 1775; x_wconf 91' lang='lat' dir='ltr'>dones</span> <span class='ocrx_word' id='word_1_140' title='bbox 259 1716 371 1774; x_wconf 90' lang='lat' dir='ltr'>divinos</span> <span class='ocrx_word' id='word_1_141' title='bbox 380 1717 503 1773; x_wconf 89' lang='lat' dir='ltr'>honores</span> <span class='ocrx_word' id='word_1_142' title='bbox 514 1731 634 1790; x_wconf 87' lang='lat' dir='ltr'>negasse</span> <span class='ocrx_word' id='word_1_143' title='bbox 644 1715 670 1772; x_wconf 94' lang='lat' dir='ltr'>ei</span> <span class='ocrx_word' id='word_1_144' title='bbox 680 1716 845 1788; x_wconf 85' lang='lat' dir='ltr'>paenitebat,</span> <span class='ocrx_word' id='word_1_145' title='bbox 858 1715 1029 1790; x_wconf 88' lang='lat' dir='ltr'>impiosque</span> <span class='ocrx_word' id='word_1_146' title='bbox 1046 1723 1080 1777; x_wconf 92' lang='lat' dir='ltr'>et</span> 
     </span>
     <span class='ocr_line' id='line_1_20' title="bbox 156 1806 1080 1882; baseline 0.003 -18"><span class='ocrx_word' id='word_1_147' title='bbox 156 1811 285 1882; x_wconf 88' lang='lat' dir='ltr'>ingratos</span> <span class='ocrx_word' id='word_1_148' title='bbox 299 1806 386 1863; x_wconf 83' lang='lat' dir='ltr'>tuisse</span> <span class='ocrx_word' id='word_1_149' title='bbox 407 1824 437 1863; x_wconf 92' lang='lat' dir='ltr'>se</span> <span class='ocrx_word' id='word_1_150' title='bbox 461 1806 678 1875; x_wconf 88' lang='lat' dir='ltr'>confitebantur,</span> <span class='ocrx_word' id='word_1_151' title='bbox 694 1809 772 1879; x_wconf 92' lang='lat' dir='ltr'>quod</span> <span class='ocrx_word' id='word_1_152' title='bbox 793 1824 877 1864; x_wconf 89' lang='lat' dir='ltr'>aures</span> <span class='ocrx_word' id='word_1_153' title='bbox 892 1806 956 1878; x_wconf 85' lang='lat' dir='ltr'>ejus</span> <span class='ocrx_word' id='word_1_154' title='bbox 970 1808 1080 1867; x_wconf 88' lang='lat' dir='ltr'>debita</span> 
     </span>
     <span class='ocr_line' id='line_1_21' title="bbox 156 1895 1077 1970; baseline -0.002 -15"><span class='ocrx_word' id='word_1_155' title='bbox 156 1897 343 1970; x_wconf 84' lang='lat' dir='ltr'>appellatione</span> <span class='ocrx_word' id='word_1_156' title='bbox 371 1896 562 1953; x_wconf 80' lang='lat' dir='ltr'>fraudassent.</span> <span class='ocrx_word' id='word_1_157' title='bbox 594 1895 630 1951; x_wconf 86' lang='lat' dir='ltr'>Et</span> <span class='ocrx_word' id='word_1_158' title='bbox 653 1911 718 1951; x_wconf 89' lang='lat' dir='ltr'>cum</span> <span class='ocrx_word' id='word_1_159' title='bbox 739 1896 799 1965; x_wconf 91' lang='lat' dir='ltr'>diu,</span> <span class='ocrx_word' id='word_1_160' title='bbox 827 1912 903 1951; x_wconf 89' lang='lat' dir='ltr'>nnnc</span> <span class='ocrx_word' id='word_1_161' title='bbox 925 1895 956 1951; x_wconf 91' lang='lat' dir='ltr'>in</span> <span class='ocrx_word' id='word_1_162' title='bbox 979 1912 1077 1953; x_wconf 84' lang='lat' dir='ltr'>vene-</span> 
     </span>
     <span class='ocr_line' id='line_1_22' title="bbox 156 1984 1076 2059; baseline 0.003 -17"><span class='ocrx_word' id='word_1_163' title='bbox 156 1988 277 2059; x_wconf 89' lang='lat' dir='ltr'>ratione,</span> <span class='ocrx_word' id='word_1_164' title='bbox 292 2001 368 2041; x_wconf 93' lang='lat' dir='ltr'>nunc</span> <span class='ocrx_word' id='word_1_165' title='bbox 381 1984 411 2040; x_wconf 91' lang='lat' dir='ltr'>in</span> <span class='ocrx_word' id='word_1_166' title='bbox 426 1984 567 2041; x_wconf 89' lang='lat' dir='ltr'>desiderio</span> <span class='ocrx_word' id='word_1_167' title='bbox 579 1984 657 2057; x_wconf 90' lang='lat' dir='ltr'>regis</span> <span class='ocrx_word' id='word_1_168' title='bbox 670 1985 832 2054; x_wconf 80' lang='lat' dir='ltr'>haesissent,</span> <span class='ocrx_word' id='word_1_169' title='bbox 843 1986 872 2041; x_wconf 92' lang='lat' dir='ltr'>in</span> <span class='ocrx_word' id='word_1_170' title='bbox 888 1984 968 2056; x_wconf 88' lang='lat' dir='ltr'>ipsos</span> <span class='ocrx_word' id='word_1_171' title='bbox 981 2001 1076 2045; x_wconf 83' lang='lat' dir='ltr'>versa</span> 
     </span>
     <span class='ocr_line' id='line_1_23' title="bbox 157 2073 1074 2148; baseline 0.001 -17"><span class='ocrx_word' id='word_1_172' title='bbox 157 2075 302 2133; x_wconf 88' lang='lat' dir='ltr'>miseratio</span> <span class='ocrx_word' id='word_1_173' title='bbox 318 2078 369 2131; x_wconf 89' lang='lat' dir='ltr'>est.</span> <span class='ocrx_word' id='word_1_174' title='bbox 396 2073 447 2147; x_wconf 79' lang='grc'>[12]</span> <span class='ocrx_word' id='word_1_175' title='bbox 463 2074 628 2131; x_wconf 88' lang='lat' dir='ltr'>Macedonia</span> <span class='ocrx_word' id='word_1_176' title='bbox 639 2075 771 2147; x_wconf 86' lang='lat' dir='ltr'>proiecti,</span> <span class='ocrx_word' id='word_1_177' title='bbox 796 2076 874 2131; x_wconf 86' lang='lat' dir='ltr'>ultra</span> <span class='ocrx_word' id='word_1_178' title='bbox 885 2074 1074 2148; x_wconf 85' lang='lat' dir='ltr'>Euphraten,</span> 
     </span>
     <span class='ocr_line' id='line_1_24' title="bbox 156 2162 1076 2239; baseline 0.007 -20"><span class='ocrx_word' id='word_1_179' title='bbox 156 2164 191 2219; x_wconf 82' lang='grc'>166</span> <span class='ocrx_word' id='word_1_180' title='bbox 211 2165 312 2221; x_wconf 90' lang='lat' dir='ltr'>mediis</span> <span class='ocrx_word' id='word_1_181' title='bbox 331 2163 461 2221; x_wconf 87' lang='lat' dir='ltr'>hostibus</span> <span class='ocrx_word' id='word_1_182' title='bbox 482 2180 589 2220; x_wconf 89' lang='lat' dir='ltr'>novum</span> <span class='ocrx_word' id='word_1_183' title='bbox 605 2162 756 2235; x_wconf 91' lang='lat' dir='ltr'>imperium</span> <span class='ocrx_word' id='word_1_184' title='bbox 770 2169 1005 2239; x_wconf 88' lang='lat' dir='ltr'>aspernantibus,</span> <span class='ocrx_word' id='word_1_185' title='bbox 1023 2172 1076 2226; x_wconf 91' lang='lat' dir='ltr'>de-</span> 
     </span>
     <span class='ocr_line' id='line_1_25' title="bbox 158 2251 1074 2327; baseline 0.008 -21"><span class='ocrx_word' id='word_1_186' title='bbox 158 2252 274 2309; x_wconf 90' lang='lat' dir='ltr'>stitutos</span> <span class='ocrx_word' id='word_1_187' title='bbox 288 2269 319 2309; x_wconf 89' lang='lat' dir='ltr'>se</span> <span class='ocrx_word' id='word_1_188' title='bbox 333 2269 396 2309; x_wconf 91' lang='lat' dir='ltr'>esse</span> <span class='ocrx_word' id='word_1_189' title='bbox 415 2254 587 2310; x_wconf 88' lang='lat' dir='ltr'>cernebant:</span> <span class='ocrx_word' id='word_1_190' title='bbox 604 2251 666 2309; x_wconf 89' lang='lat' dir='ltr'>sine</span> <span class='ocrx_word' id='word_1_191' title='bbox 683 2256 760 2310; x_wconf 90' lang='lat' dir='ltr'>certo</span> <span class='ocrx_word' id='word_1_192' title='bbox 775 2255 853 2327; x_wconf 90' lang='lat' dir='ltr'>regis</span> <span class='ocrx_word' id='word_1_193' title='bbox 868 2256 986 2327; x_wconf 87' lang='lat' dir='ltr'>herede,</span> <span class='ocrx_word' id='word_1_194' title='bbox 1004 2258 1074 2313; x_wconf 90' lang='lat' dir='ltr'>sine</span> 
     </span>
     <span class='ocr_line' id='line_1_26' title="bbox 159 2340 1071 2417; baseline 0.009 -21"><span class='ocrx_word' id='word_1_195' title='bbox 159 2342 226 2397; x_wconf 88' lang='lat' dir='ltr'>sede</span> <span class='ocrx_word' id='word_1_196' title='bbox 249 2340 341 2413; x_wconf 90' lang='lat' dir='ltr'>regni,</span> <span class='ocrx_word' id='word_1_197' title='bbox 361 2342 488 2413; x_wconf 89' lang='lat' dir='ltr'>publicas</span> <span class='ocrx_word' id='word_1_198' title='bbox 509 2342 614 2399; x_wconf 82' lang='lat' dir='ltr'>vires²¹</span> <span class='ocrx_word' id='word_1_199' title='bbox 631 2341 667 2396; x_wconf 91' lang='lat' dir='ltr'>ad</span> <span class='ocrx_word' id='word_1_200' title='bbox 680 2358 710 2397; x_wconf 91' lang='lat' dir='ltr'>se</span> <span class='ocrx_word' id='word_1_201' title='bbox 734 2359 877 2417; x_wconf 90' lang='lat' dir='ltr'>quemque</span> <span class='ocrx_word' id='word_1_202' title='bbox 890 2349 1071 2405; x_wconf 88' lang='lat' dir='ltr'>tracturum.</span> 
     </span>
     <span class='ocr_line' id='line_1_27' title="bbox 160 2429 1073 2504; baseline 0.009 -19"><span class='ocrx_word' id='word_1_203' title='bbox 160 2429 416 2503; x_wconf 82' lang='grc' dir='ltr'>[13]Β6116(1616(16</span> <span class='ocrx_word' id='word_1_204' title='bbox 434 2431 537 2502; x_wconf 87' lang='lat' dir='ltr'>civilia,</span> <span class='ocrx_word' id='word_1_205' title='bbox 563 2447 626 2503; x_wconf 82' lang='lat' dir='ltr'>que</span> <span class='ocrx_word' id='word_1_206' title='bbox 640 2435 738 2499; x_wconf 83' lang='lat' dir='ltr'>secuta</span> <span class='ocrx_word' id='word_1_207' title='bbox 756 2436 834 2504; x_wconf 91' lang='lat' dir='ltr'>sunt,</span> <span class='ocrx_word' id='word_1_208' title='bbox 854 2434 1002 2492; x_wconf 88' lang='lat' dir='ltr'>mentibus</span> <span class='ocrx_word' id='word_1_209' title='bbox 1016 2454 1073 2493; x_wconf 90' lang='lat' dir='ltr'>au-</span> 
     </span>
     <span class='ocr_line' id='line_1_28' title="bbox 160 2519 1070 2597; baseline 0.005 -22"><span class='ocrx_word' id='word_1_210' title='bbox 160 2522 355 2591; x_wconf 86' lang='lat' dir='ltr'>gurabantur:</span> <span class='ocrx_word' id='word_1_211' title='bbox 373 2521 486 2589; x_wconf 86' lang='lat' dir='ltr'>iterum,</span> <span class='ocrx_word' id='word_1_212' title='bbox 506 2536 564 2576; x_wconf 89' lang='lat' dir='ltr'>non</span> <span class='ocrx_word' id='word_1_213' title='bbox 580 2519 615 2574; x_wconf 90' lang='lat' dir='ltr'>de</span> <span class='ocrx_word' id='word_1_214' title='bbox 630 2535 719 2593; x_wconf 90' lang='lat' dir='ltr'>regno</span> <span class='ocrx_word' id='word_1_215' title='bbox 734 2522 819 2595; x_wconf 76' lang='lat' dir='ltr'>Asiae,</span> <span class='ocrx_word' id='word_1_216' title='bbox 834 2523 885 2579; x_wconf 90' lang='lat' dir='ltr'>sed</span> <span class='ocrx_word' id='word_1_217' title='bbox 899 2523 934 2579; x_wconf 91' lang='lat' dir='ltr'>de</span> <span class='ocrx_word' id='word_1_218' title='bbox 953 2539 1025 2596; x_wconf 90' lang='lat' dir='ltr'>rege</span> <span class='ocrx_word' id='word_1_219' title='bbox 1034 2530 1070 2597; x_wconf 76' lang='lat'>²2,</span> 
     </span>
    </p>
   </div>
   <div class='ocr_carea' id='block_1_2' title="bbox 159 2728 1071 3039">
    <p class='ocr_par' dir='ltr' id='par_1_4' title="bbox 159 2728 1071 3039">
     <span class='ocr_line' id='line_1_29' title="bbox 159 2728 1070 2795; baseline 0.01 -20"><span class='ocrx_word' id='word_1_220' title='bbox 159 2732 222 2776; x_wconf 80' lang='lat' dir='ltr'>Rom.</span> <span class='ocrx_word' id='word_1_221' title='bbox 242 2736 364 2777; x_wconf 72' lang='grc'>1616</span> <span class='ocrx_word' id='word_1_222' title='bbox 378 2728 409 2773; x_wconf 81' lang='lat' dir='ltr'>od</span> <span class='ocrx_word' id='word_1_223' title='bbox 423 2728 582 2784; x_wconf 72' lang='lat' dir='ltr'>cogitationes,</span> <span class='ocrx_word' id='word_1_224' title='bbox 636 2731 699 2776; x_wconf 80' lang='grc'>11666.</span> <span class='ocrx_word' id='word_1_225' title='bbox 719 2734 1070 2795; x_wconf 79' lang='grc' dir='ltr'>166-16.6616(ι61666666616,</span> 
     </span>
     <span class='ocr_line' id='line_1_30' title="bbox 161 2792 1071 2848; baseline 0.012 -15"><span class='ocrx_word' id='word_1_226' title='bbox 161 2804 179 2835; x_wconf 97' lang='grc'>6.</span> <span class='ocrx_word' id='word_1_227' title='bbox 180 2792 234 2836; x_wconf 80' lang='grc'>--,1(1</span> <span class='ocrx_word' id='word_1_228' title='bbox 247 2792 405 2848; x_wconf 76' lang='lat' dir='ltr'>cogitandum.</span> <span class='ocrx_word' id='word_1_229' title='bbox 421 2792 582 2845; x_wconf 80' lang='grc'>-15.166661,</span> <span class='ocrx_word' id='word_1_230' title='bbox 635 2793 765 2840; x_wconf 73' lang='lat' dir='ltr'>c&#39;est-t-dire</span> <span class='ocrx_word' id='word_1_231' title='bbox 783 2810 810 2840; x_wconf 87' lang='lat' dir='ltr'>au</span> <span class='ocrx_word' id='word_1_232' title='bbox 826 2798 1071 2847; x_wconf 69' lang='lat' dir='ltr'>monde-euent-</span> 
     </span>
     <span class='ocr_line' id='line_1_31' title="bbox 161 2854 1070 2915; baseline 0.011 -18"><span class='ocrx_word' id='word_1_233' title='bbox 161 2854 580 2909; x_wconf 74' lang='grc'>661.1116611166-161666666166,</span> <span class='ocrx_word' id='word_1_234' title='bbox 635 2859 1070 2915; x_wconf 77' lang='grc'>166,611616616.-61.16161611666</span> 
     </span>
     <span class='ocr_line' id='line_1_32' title="bbox 162 2916 1069 2985; baseline 0.016 -30"><span class='ocrx_word' id='word_1_235' title='bbox 162 2916 328 2975; x_wconf 72' lang='grc'>6611661661.-</span> <span class='ocrx_word' id='word_1_236' title='bbox 350 2922 381 2959; x_wconf 88' lang='grc'>11.</span> <span class='ocrx_word' id='word_1_237' title='bbox 401 2916 509 2969; x_wconf 62' lang='lat' dir='ltr'>viridem</span> <span class='ocrx_word' id='word_1_238' title='bbox 533 2928 582 2971; x_wconf 79' lang='grc'>161</span> <span class='ocrx_word' id='word_1_239' title='bbox 634 2918 705 2971; x_wconf 79' lang='lat' dir='ltr'>eires,</span> <span class='ocrx_word' id='word_1_240' title='bbox 725 2921 855 2971; x_wconf 64' lang='lat' dir='ltr'>obst-hdire</span> <span class='ocrx_word' id='word_1_241' title='bbox 872 2924 973 2975; x_wconf 76' lang='grc'>1666166611</span> <span class='ocrx_word' id='word_1_242' title='bbox 992 2928 1069 2985; x_wconf 72' lang='lat' dir='ltr'>qim</span> 
     </span>
     <span class='ocr_line' id='line_1_33' title="bbox 160 2970 1069 3039; baseline 0.015 -23"><span class='ocrx_word' id='word_1_243' title='bbox 160 2970 224 3019; x_wconf 79' lang='lat' dir='ltr'>Rom</span> <span class='ocrx_word' id='word_1_244' title='bbox 243 2976 350 3023; x_wconf 74' lang='grc'>6616-</span> <span class='ocrx_word' id='word_1_245' title='bbox 366 2976 578 3030; x_wconf 65' lang='grc'>1616666661.</span> <span class='ocrx_word' id='word_1_246' title='bbox 634 2986 704 3025; x_wconf 80' lang='lat'>-22</span> <span class='ocrx_word' id='word_1_247' title='bbox 714 2982 810 3039; x_wconf 68' lang='grc'>666616,</span> <span class='ocrx_word' id='word_1_248' title='bbox 824 2983 910 3039; x_wconf 84' lang='lat' dir='ltr'>pourle</span> <span class='ocrx_word' id='word_1_249' title='bbox 930 2976 1008 3029; x_wconf 84' lang='lat' dir='ltr'>choix</span> <span class='ocrx_word' id='word_1_250' title='bbox 1013 2989 1069 3036; x_wconf 75' lang='lat' dir='ltr'>clun</span> 
     </span>
    </p>
   </div>
   <div class='ocr_carea' id='block_1_3' title="bbox 0 0 1176 3500">
    <p class='ocr_par' dir='ltr' id='par_1_5' title="bbox 0 0 1176 3500">
     <span class='ocr_line' id='line_1_34' title="bbox 0 0 1176 3500; baseline 0 0"><span class='ocrx_word' id='word_1_251' title='bbox 0 0 1176 3500; x_wconf 95' lang='lat' dir='ltr'> </span> 
     </span>
    </p>
   </div>
  </div>
 </body>
</html>
