2317 3500
144 168 201 225 366
471 179 501 228 c.
525 175 618 220 couri
640 174 715 219 nuri
886 150 964 236 [cre
984 159 1073 238 325}

144 309 232 361 mare,
252 291 368 349 tandem
384 292 444 348 voti
456 291 500 348 sui
514 305 650 362 compos;
665 287 890 361 praesidibusque
907 292 938 344 et
963 290 1078 369 maris¹

144 388 173 440 et
186 385 313 440 locorum
333 381 377 438 dis
386 387 409 422 θ’
422 380 559 440 sacrificio
575 381 659 450 lacto,
673 379 709 435 ad
726 380 848 436 classem
862 377 961 436 rediit.

143 580 258 642 Nearque
271 593 331 629 avec
345 578 370 630 la
385 577 455 629 licite
464 576 517 628 suit
531 575 555 626 la
566 578 629 626 cdte.
638 603 669 612 -
679 573 818 634 Alexandro
829 573 905 624 lende
923 573 1068 638 plusieurs

176 651 257 714 villes,
276 651 333 715 puis
350 653 442 715 repert.
451 650 571 714 -Repos
587 663 619 699 en
629 646 757 697 Gedrosie.
772 671 803 682 -
814 648 908 696 Retour
920 647 1068 696 d'Alexan-

175 723 221 774 dre
234 739 280 788 par
291 723 316 772 le
330 721 461 772 Germanic
472 736 504 770 au
517 720 606 772 milico
618 720 680 770 d’un
691 721 794 783 certdgc
807 715 957 782 triomphal.

180 841 213 896 X.
232 839 271 916 [l]
286 839 358 894 Hinc
371 839 523 893 adversum
547 835 653 892 flumen
676 835 755 891 subit
775 833 889 903 classic,
907 838 937 891 et
959 836 1062 896 altero

146 929 191 986 die
206 930 324 1000 appulsa
336 930 380 984 est
390 927 467 984 haud
480 927 579 998 procul
590 931 600 962 ¹
611 927 674 982 lacu
690 926 767 999 salso
776 929 797 993 ¹,
808 923 891 997 cujus
902 923 1063 999 incognita

145 1022 248 1074 natura
281 1019 432 1090 plerosque
462 1015 586 1088 decepit,
618 1018 725 1071 temere
752 1015 901 1087 ingressos
932 1033 1059 1088 aquam.

147 1109 256 1180 Quippe
271 1106 380 1164 scabies
403 1122 524 1177 corpora
547 1103 662 1175 invasit,
693 1108 722 1161 et
743 1105 930 1177 contagium³
956 1109 1059 1163 morbi

145 1199 232 1255 etiarn
242 1199 271 1253 in
281 1197 352 1253 alios
362 1198 511 1269 vulgatum
521 1198 574 1251 est.
588 1193 690 1251 Oleum
700 1195 825 1251 remedio
838 1195 901 1250 fuit.
915 1195 950 1268 [2]
963 1196 1061 1254 Leon-

147 1292 213 1344 nato
228 1288 330 1344 deinde
353 1285 500 1356 praemisso
522 1287 554 1339 ut
574 1287 676 1354 puteos
700 1284 820 1353 sederet,
841 1301 898 1356 qua
917 1288 1059 1343 terrestri

147 1377 248 1432 itinere
265 1377 402 1431 ducturus
414 1373 569 1430 exercitum
579 1372 772 1429 videbatur-
782 1373 886 1446 qnippe
899 1374 976 1431 sicca
991 1383 1060 1434 crat

148 1466 226 1538 regio
244 1463 356 1534 -ipse
376 1479 441 1518 cum
456 1461 544 1534 copiis
568 1463 707 1532 substitit,
728 1480 850 1519 vernum
867 1467 986 1537 tempus
1007 1485 1059 1524 ex-

148 1557 288 1627 spectans.
305 1551 426 1609 interim
438 1556 467 1608 ct
479 1552 582 1607 urbes⁴
595 1553 747 1626 pleresque
761 1553 898 1609 condidit.
912 1553 948 1626 [3]
960 1555 1059 1612 Near-

148 1645 199 1700 cho
222 1646 308 1715 atque
326 1641 496 1712 Onesicrito,
516 1641 636 1697 nauticae
654 1642 695 1698 rei
719 1641 828 1713 peritis,
842 1642 999 1716 imperavit
1023 1654 1058 1705 ut

147 1731 338 1789 validissimas
357 1729 472 1787 navium
487 1729 660 1787 deducerent
673 1730 704 1786 in
719 1731 874 1802 Oceanum,
888 1738 1056 1807 progressi-

148 1840 213 1895 que,
224 1824 317 1895 quoed
329 1825 391 1877 luto
406 1821 533 1893 possent,
549 1824 682 1877 naturam
696 1820 784 1876 meris
797 1828 968 1879 noscerent:
982 1848 996 1877 α
1008 1830 1056 1883 vel

149 1914 247 1969 eodem
260 1929 352 1984 arnne,
360 1911 405 1967 vel
417 1910 571 1981 Euphrate,
582 1910 678 1967 subire
688 1915 699 1949 ³
708 1927 757 1967 eos
766 1928 859 1984 posse,
868 1929 934 1968 cum
945 1915 1056 1973 reverti

149 2004 184 2057 ed
201 2019 230 2057 se
245 2003 359 2058 vellent.
382 2020 394 2051 l)

184 2092 217 2165 [l]
231 2091 245 2146 J
251 2106 364 2162 amque,
379 2088 511 2162 mitigata
525 2088 647 2159 hieme0,
665 2091 695 2146 et
709 2089 829 2146 navibus
847 2109 910 2163 quae
933 2092 1056 2155 inutiles

149 2182 318 2239 videbantur
331 2179 474 2248 cremetis,
488 2182 565 2235 terra
580 2179 701 2234 ducebat
718 2180 882 2237 exercitum.
910 2182 944 2255 [5]
960 2184 1055 2243 Nonis

149 2271 266 2326 castris⁷
285 2271 315 2325 in
338 2269 485 2341 regionem
499 2268 662 2337 Arabiton⁸,
682 2267 747 2323 inde
762 2269 882 2328 totidem
905 2272 1008 2330 diebus
1023 2276 1055 2332 in

151 2360 351 2414 Cedrosiorum
364 2361 533 2428 perventum
545 2360 600 2414 est.
617 2356 701 2413 Liber
715 2358 762 2413 hic
774 2361 908 2430 populus,
930 2364 1054 2421 concilio

149 2449 256 2517 habito,
268 2447 374 2503 dedidit
386 2463 433 2517 se,
445 2464 496 2505 nec
509 2447 661 2520 quicquam
676 2447 778 2503 deditis
790 2453 895 2520 preeter
909 2467 1055 2511 commea-

151 2542 196 2593 tus
211 2536 380 2607 imperatum
397 2541 448 2593 est.
466 2536 499 2609 [6]
516 2536 621 2603 Quinto
637 2534 704 2591 hinc
716 2536 761 2592 die
780 2537 858 2595 venit
872 2540 908 2594 ad
923 2540 1050 2600 flumen:

150 2628 274 2681 Arabum
301 2624 399 2681 incolae
427 2626 579 2697 appellant.
607 2624 698 2698 Regio
719 2626 832 2683 deserta
855 2632 885 2683 et
909 2647 1053 2703 aquarum

149 2795 333 2847 suppleczaestuc.
344 2818 371 2825 -
383 2800 415 2840 37.
429 2794 475 2845 dis,
488 2792 572 2835 l’Ocdan
625 2792 667 2834 salt
683 2794 804 2849 lesquelles.
823 2818 850 2828 -
869 2802 889 2840 5.
908 2800 998 2853 subire,
1019 2815 1051 2845 rc-

150 2860 170 2897 et
182 2857 268 2909 Thetys,
283 2856 369 2899 suivant
380 2856 478 2898 Diodore.
625 2859 716 2898 menter.
726 2878 753 2885 -
767 2861 787 2900 6.
800 2857 883 2906 bieme,
895 2858 924 2900 cf.
939 2873 1049 2918 omum,

176 2917 203 2958 X.
219 2916 572 2971 1.procet‚voy.flem.1cr.-
624 2915 675 2966 52.
694 2917 754 2960 Cella
773 2916 890 2962 indication
914 2928 948 2964 cst
969 2924 1048 2969 lansec.

151 2983 171 3018 2.
189 2978 241 3020 laec
257 2980 328 3031 salso,
346 2978 396 3020 c'cst
409 2978 514 3032 peut-tue
525 2982 572 3019 toul
624 2977 714 3021 strabon
722 2978 753 3034 (p.
762 2981 943 3036 1050)‚elArricn
954 2987 1002 3039 (Vl,
1015 2992 1048 3043 ²1)

151 3038 284 3091 simplement
297 3042 317 3082 la
329 3040 375 3083 baie
392 3039 572 3093 mentionndepar
624 3039 694 3083 dlsem
710 3054 751 3095 quc
766 3054 801 3084 ces
818 3044 955 3088 evdnemcuts
975 3056 1049 3093 eurcnt

151 3099 227 3140 Arrien
241 3102 286 3155 (Vl,
303 3102 345 3155 20).
356 3124 382 3133 -
394 3109 413 3146 ³.
428 3102 570 3156 centuplum,
624 3100 666 3143 lieu
675 3102 862 3156 pollestres-
870 3113 889 3149 7.
898 3110 992 3161 cestria,
1000 3124 1046 3166 roy.

154 3168 200 3212 roy.
214 3160 275 3203 Rem.
288 3168 321 3205 23.
341 3185 367 3193 -
382 3169 402 3207 l.
417 3164 493 3212 urbae,
507 3174 535 3204 on
545 3174 570 3206 nc
623 3164 682 3205 Dict.
694 3166 754 3207 Hict.
773 3190 791 3196 -
811 3174 831 3211 t.
852 3169 978 3223 Arabiton,
999 3185 1045 3227 icy.
