2317 3500
174 151 212 207 3¹4
501 159 530 212 o.
553 156 644 204 cunrr
666 161 744 204 Ruri
898 141 985 224 [nov.
1005 143 1075 222 333]

172 293 237 334 rum
259 292 382 344 amnem,
404 275 453 346 qui
472 276 528 331 duo
547 275 663 347 agmina
680 274 873 342 interfluebat,
898 273 1023 332 transire
1045 280 1077 333 et

173 365 293 438 objicere
309 380 371 420 sese
384 365 569 422 Macedonum
587 364 675 436 copiis
692 364 836 437 jusserat:
851 362 875 419 si
891 363 921 418 id
938 366 1076 434 prestare

174 472 231 512 nou
245 459 370 526 possent,
380 456 556 511 retrocedere
571 454 600 509 iu
618 462 740 519 montes,
753 457 783 510 et
797 455 906 510 occulte
919 453 1073 513 circumire

173 546 288 601 ultimos
302 543 439 600 hostium.
452 542 505 618 [29]
518 544 661 612 Ceterum,
674 543 816 599 destinata
829 544 985 600 salubriter
995 546 1076 600 omni

171 633 282 690 ratione
292 634 436 704 potentior
454 634 569 688 tortuna
587 632 743 690 discussit:
758 632 810 705 [30]
829 631 933 705 quippe
948 633 995 688 alii
1015 650 1076 704 prae

121 765 123 768 .
171 726 248 778 metu
268 721 420 794 imperium
434 719 547 793 exsequi
563 737 621 776 non
635 721 787 790 audebant,
802 721 883 776 alii⁴⁴
901 722 1009 778 trustra
1027 739 1076 788 eir-

170 810 372 882 sequebantur,
389 811 466 884 quia,
480 809 528 866 ubi
541 812 637 880 partes
651 810 758 881 labant,
771 826 885 867 summa
899 812 1046 868 turbatur.

376 1050 454 1102 Ordre
465 1050 496 1100 de
510 1049 612 1100 bataille
624 1050 669 1100 des
680 1051 861 1132 deux-armtes.

205 1203 250 1260 IX.
264 1202 303 1276 [1]
315 1203 396 1261 Acies
411 1208 505 1260 autem
517 1203 570 1257 hoc
584 1203 670 1259 modo
682 1203 772 1259 stetit.
788 1201 969 1258 Nabarzanes
986 1204 1076 1274 equi·

168 1295 229 1347 tatu
244 1293 374 1347 dextrum
386 1308 474 1348 cornu
484 1290 629 1362 tuebatur,
638 1291 743 1346 additis
756 1289 935 1346 funditorum
951 1290 1077 1362 sagitta-

167 1378 333 1449 riorumque
347 1377 450 1450 viginti
465 1378 524 1434 fere
536 1376 676 1434 millibus.
689 1379 728 1451 [2]
739 1378 771 1434 In
784 1379 885 1436 eodem
906 1378 1077 1449 Thymodes

128 1477 130 1480 '
166 1470 236 1537 erat,
249 1466 351 1522 Graecis
361 1467 513 1538 peditibus
530 1468 659 1525 mercede
674 1467 831 1538 conductis,
848 1467 969 1540 triginta
983 1469 1075 1525 milli-

165 1557 228 1626 bus
244 1558 422 1628 praepositus.
440 1557 500 1611 Hoc
517 1561 578 1612 erat
597 1557 673 1612 baud
695 1556 779 1611 dubie
803 1557 892 1612 robur
915 1556 1075 1632 exercitum

165 1661 216 1716 par
227 1644 412 1700 Macedonicae
425 1645 575 1717 phalangi¹
589 1644 672 1701 acies.
684 1644 722 1716 [3]
735 1644 766 1700 In
777 1645 847 1701 laeuo
858 1661 947 1700 cornu
959 1644 1078 1703 Aristo-

164 1735 260 1791 medes
270 1733 422 1790 Tbessalus
434 1752 468 1789 xx
482 1732 578 1789 mitta
592 1734 782 1790 barbarorum
797 1733 924 1806 peditum
932 1733 1076 1795 babebat.

165 1819 197 1875 ln
218 1821 353 1879 subsidiis
372 1820 600 1895 pugnacissimas
613 1824 755 1879 locaverat
776 1825 885 1895 gentes
905 1822 941 1897 [b]
968 1822 1079 1895 Ipsum

163 1927 260 1983 regem
284 1911 314 1967 in
334 1914 433 1967 eodem
452 1927 541 1967 cornu
557 1908 758 1967 dimicaturum
787 1910 844 1966 tria
862 1911 954 1967 millia
976 1913 1087 1971 deleo:

164 2004 261 2054 torum
276 1998 416 2070 equitum,
432 2002 547 2053 assueta
572 2000 700 2071 corporis
722 1999 885 2066 custodiae’,
911 2002 941 2055 et
964 2002 1081 2071 pedes-

162 2087 215 2141 tris
228 2086 312 2151 coiea,
324 2084 514 2157 quadraginta
526 2085 626 2158 millia,
641 2089 870 2160 sequebantur³2
887 2086 924 2160 [5]
941 2066 1082 2159 Hyrcani

163 2175 263 2231 deinde
274 2174 404 2249 Medique
415 2175 524 2248 equites
535 2195 540 2228 :
551 2177 596 2233 his
610 2178 729 2249 proximi
739 2182 899 2235 ceterarum
906 2177 1045 2252 gentium
1052 2190 1082 2253 ⁴,

162 2265 238 2319 ultra
250 2280 299 2321 eos
313 2264 411 2321 dextra
424 2265 551 2336 laevaque
562 2266 702 2338 dispositi.
714 2267 775 2323 Hoc
784 2284 899 2339 agmen,
910 2266 986 2323 sicut
1007 2270 1085 2326 dic-

162 2356 223 2407 tum
237 2355 290 2418 est,
311 2351 484 2409 instructum
504 2370 531 2409 vi
554 2354 644 2410 millia
660 2355 850 2427 iaculatorum
866 2356 1084 2417 funditorum-

161 2444 232 2512 que⁵
247 2441 460 2498 antecedebant.
485 2440 520 2514 [6]
538 2442 679 2515 Quicquid
698 2442 727 2497 in
749 2443 807 2499 illis
829 2444 972 2516 angustiis
993 2448 1084 2507 adiri

162 2530 282 2599 poterat,
301 2528 488 2601 impleverant
508 2530 606 2601 copiae,
626 2547 787 2603 cornuaque
801 2532 867 2586 binc
883 2532 919 2587 ab
930 2532 1016 2607 jugo,
1039 2538 1085 2596 il.

160 2614 217 2671 linc
228 2633 245 2673 a
258 2616 331 2673 mari
347 2620 469 2675 stabant.
487 2618 612 2674 Uxorem
625 2622 803 2689 matremque
815 2619 893 2691 regis
907 2623 936 2675 et
955 2621 1059 2683 alium
1068 2633 1084 2666 ⁶

162 2703 333 2761 feminarum
346 2724 464 2781 gregem
479 2708 509 2762 in
523 2708 651 2764 medium
666 2724 768 2779 agmen
783 2712 964 2779 acceperant.
993 2734 999 2743 ·

161 2896 287 2947 tortorum,
299 2903 348 2947 roy.
362 2894 422 2937 Dici.
440 2895 499 2941 Hiar.
512 2918 538 2925 —
547 2900 583 2939 44.
635 2917 662 2928 -—
674 2904 696 2940 2.
708 2896 824 2946 custodie,
836 2906 884 2951 roy.
895 2898 1032 2948 Dictfflet.
1049 2920 1084 2953 an

166 2957 213 3008 stit,
225 2970 272 3013 roy.
282 2957 346 2999 Rom.
362 2963 395 3001 tc.
637 2962 681 3001 mot
693 2968 820 3003 cusronrs.
828 2966 883 3003 -³.
895 2967 1075 3015 cambonem.

168 3018 224 3059 ·1x.
233 3026 330 3073 bnon..
338 3020 461 3075 pbctauyt,
473 3019 584 3073 tgalenon
637 3033 685 3076 roy.
701 3022 763 3065 Rern.
777 3028 803 3066 39
821 3034 843 3065 a.
859 3045 888 3054 -
906 3030 927 3068 b.
948 3008 1086 3081 qondam'

162 3087 199 3129 par
207 3078 226 3118 le
237 3080 330 3131 nombre,
339 3081 392 3123 mais
402 3093 440 3136 par
448 3082 467 3123 le
478 3092 583 3134 courage;
637 3088 711 3125 n-ent.
726 3085 820 3137 aquitan
831 3107 859 3116 —
871 3094 889 3130 5.
898 3078 1087 3140 funditorum',

162 3146 199 3177 sur
211 3138 362 3196 landeberga,
380 3156 428 3197 νος.
447 3144 506 3186 mcc.
522 3143 584 3188 ritu.
638 3143 758 3197 vaureu.
772 3146 831 3188 Hist.
842 3171 868 3178 -
880 3154 901 3192 6.
912 3150 1002 3207 dium,
1015 3165 1090 3209 pour
