2317 3500
74 191 256 275 [uovnusss
272 189 341 275 333]
436 209 528 252 nrssu
551 210 598 252 111.
624 217 627 222 ·
927 197 966 250 33

72 342 121 382 sus
137 325 301 381 occurrebat
314 327 337 362 ⁵⁶
351 323 458 394 majore
476 321 608 393 periculis
625 323 758 394 proemia,
771 325 809 392 et,
827 321 901 377 sicut
914 321 968 376 du-

72 417 151 472 bium
168 418 243 472 esset
258 419 325 470 en³⁷
340 411 472 483 vinceret,
487 413 527 469 ite
548 412 619 468 iliud
644 412 742 484 utique
762 416 871 468 certum
892 428 966 485 esse,

72 507 191 561 honeste
207 508 235 560 et
253 520 317 559 cum
331 519 434 574 magne
449 503 533 558 leude
551 501 734 558 moriturum.

109 594 160 668 [22]
178 593 276 666 itaque
289 608 407 665 corpora
420 591 525 647 milites
539 607 640 647 curare
652 589 740 662 jussit
752 606 784 646 ao
796 591 897 647 deinde
910 593 967 648 ter·

72 683 112 738 tia
128 681 258 754 vigiliu⁵⁸
276 681 428 736 instructos
451 683 480 736 et
499 685 626 736 armatos
649 695 722 736 esse.
741 678 803 751 ipse
819 679 850 734 in
865 681 968 752 jugum

72 770 141 825 editi
160 770 265 825 montis
286 769 420 840 escendit,
441 769 595 842 multisque
622 768 826 826 collucentibus
849 768 966 835 facibus,

75 859 166 930 patrio
180 873 258 914 more
267 857 661 928 sacrificiumdispraesidibns
674 857 727 914 ioci
742 857 818 913 iecit.
830 855 967 929 [231Jam-

74 963 130 1019 qne
144 947 269 1016 tertium,
286 947 360 1002 sicut
372 951 542 1018 preceptum
563 950 634 1014 eret,
655 947 770 1018 signnm
792 947 862 1002 tuba
885 944 969 1000 miles

74 1039 230 1106 acceperat,
253 1034 347 1092 itineri
371 1035 455 1091 simui
476 1038 643 1106 paratusne
663 1034 778 1108 proelio:
797 1037 968 1106 strenueque

73 1125 145 1198 jussi
160 1126 320 1196 procedere,
341 1123 449 1180 oriente
470 1126 532 1181 luce
554 1127 746 1196 pervenerunt
768 1126 804 1179 ed
822 1124 969 1197 angustias

76 1231 147 1288 quas
176 1230 311 1285 occupare
343 1214 534 1270 decreverant.
566 1214 685 1270 Darium
711 1231 765 1269 xxx
789 1213 854 1269 inde
879 1212 971 1268 stadia

76 1305 175 1360 abesse
193 1303 331 1375 praemissi
346 1301 514 1361 indicebant.
531 1303 586 1376 [ut]
604 1303 683 1360 Tunc
696 1304 850 1360 consistere
866 1318 969 1375 agmen

74 1394 164 1465 jubet,
180 1392 321 1463 armisque
336 1391 395 1463 ipse
407 1391 526 1462 sumptis
541 1393 630 1448 aciem
647 1393 769 1449 ordinat.

110 1480 197 1536 Dario
212 1480 363 1535 adventum
374 1479 499 1536 hostium
510 1481 604 1553 pavidi
612 1485 740 1555 agrestes
752 1481 967 1548 nuntiaverunt,

78 1570 122 1624 vix
135 1569 259 1624 credenti
278 1585 424 1625 occurrere
439 1569 525 1626 ctiam
544 1587 617 1643 quos
631 1575 664 1627 ut
679 1571 820 1644 fugientes
832 1571 971 1643 sequeba-

79 1661 136 1714 tur.
152 1657 207 1729 [23]
223 1657 298 1730 Ergo
311 1674 366 1715 non
378 1657 554 1715 mediocris³⁹
567 1659 696 1716 omnium
716 1660 828 1716 animos
847 1658 969 1715 formido

81 1777 110 1787 -
121 1745 224 1819 quippe
235 1745 329 1803 itineri
340 1764 429 1820 quum
442 1749 539 1819 proelio
551 1749 704 1821 aptiores⁴⁰
717 1753 842 1805 erant-
852 1747 970 1803 incesse·

80 1839 133 1909 rat,
149 1836 307 1908 raptimque
327 1852 406 1892 orme
423 1837 578 1909 capiebant.
594 1836 652 1909 [26]
674 1837 731 1891 Sed
746 1836 807 1905 ipse
828 1835 970 1891 festinatio

78 1922 299 1979 discurrentium
327 1940 449 1998 suosque
475 1924 511 1980 ed
541 1941 623 1979 arma
646 1922 809 1979 vocantium
836 1922 972 1993 majorem

81 2016 187 2069 metum
211 2012 357 2069 incussit:
381 2014 427 2069 eiii
452 2012 480 2069 in
500 2014 605 2087 jugum
630 2010 737 2070 montis
760 2015 917 2082 evaserant,
941 2016 972 2069 ut

80 2100 205 2158 hostium
219 2117 318 2173 agmen
335 2101 400 2158 inde
414 2102 616 2175 prospicerent,
636 2118 724 2177 equos
736 2100 864 2175 plerique
875 2103 972 2159 frena-

80 2191 158 2246 bant.
173 2188 312 2245 Discors⁴¹
332 2190 479 2261 exercitus,
503 2208 554 2248 nec
568 2193 604 2248 ad
626 2208 716 2248 unum
737 2191 863 2247 intentus
880 2192 972 2262 impe-

81 2278 165 2349 rium,
183 2278 262 2334 vario
279 2282 402 2336 tumultu
417 2286 518 2336 cuncta
529 2282 704 2338 turbaverat.

116 2364 171 2441 [27]
186 2365 296 2437 Darius,
312 2368 403 2438 initio,
412 2367 514 2441 jugum
533 2370 639 2425 montis
653 2385 718 2425 cum
733 2371 812 2439 parte
826 2367 972 2441 copiarum

81 2468 218 2526 occupare
244 2456 351 2526 statuit,
376 2459 405 2512 et
431 2457 561 2533 esronte
581 2460 610 2512 et
631 2473 649 2513 e
668 2459 749 2531 tergo
771 2456 971 2513 circumiturus

80 2543 203 2613 hostem,
217 2546 310 2600 amari
320 2561 444 2618 quoqne,
452 2561 509 2619 quo
520 2547 649 2601 dextrum
661 2546 685 2619 ej
691 2550 751 2601 us⁴¹
760 2561 847 2603 cornu
858 2547 972 2619 tegeba-

80 2636 137 2699 tur,
148 2631 395 2706 eliosobjecturuS‚
405 2638 437 2690 ut
446 2633 571 2706 undique
582 2638 707 2707 urgeret.
723 2633 775 2708 [28]
784 2634 890 2691 Praeter
902 2637 971 2697 haec,

78 2720 278 2795 vigintimiilio
291 2724 438 2795 praemissa
451 2740 516 2779 curn
530 2722 774 2795 sagittariorum⁴³
787 2740 873 2779 mann
888 2723 975 2779 Pina-

80 2944 113 2984 36·
140 2937 283 2985 ⁰0⁰¹⁴W⁶bsst
299 2940 450 2983 conserundi
469 2939 500 2993 ω’,
554 2939 651 2990 diceris,
672 2939 735 2981 litote
758 2946 819 2990 pour·
836 2933 883 2973 dire
904 2943 909 2971 :
933 2941 976 2973 nnc

81 3004 113 3040 est
122 2998 169 3053 pris
178 2998 409 3052 impersouneilement:
421 3013 501 3045 occur-
554 3000 650 3055 pronde.
661 3020 690 3030 -
698 3006 732 3042 to.
747 2996 859 3047 aptiores,
876 3002 918 3032 non
938 3003 977 3046 pes

80 3061 145 3103 '⁶⁶⁰¹
161 3061 200 3116 [θ’]
217 3062 316 3113 ΜΝ
334 3064 407 3117 (0⁸⁸0).
424 3088 450 3097 —
467 3070 500 3108 ³7.
554 3061 730 3107 ordinairemcnt,
740 3056 831 3097 nuncu
842 3056 974 3121 dementent

82 3121 396 3175 cn,voy.iicm.¹tt.-uo.
411 3124 501 3181 otps'tto,
559 3142 583 3153 ω
603 3127 637 3164 tt.
660 3121 760 3164 discors,
783 3123 833 3153 saus
863 3118 929 3154 unite.
951 3134 968 3183 .-

83 3193 131 3235 Wi·
152 3184 213 3225 ΜΝ·
227 3182 285 3226 Hm·
299 3208 325 3235 -.
346 3192 380 3233 33.
393 3196 443 3229 non
455 3196 502 3228 mo·
557 3189 592 3227 112.
603 3182 663 3237 ejus,
676 3174 803 3221 Alexandro.
815 3194 842 3203 -
858 3177 893 3215 4³.
908 3175 979 3224 copd-

147 3294 337 3337 numus-cosor.
844 3273 859 3320 3
