2317 3500
470 277 499 328 o.
522 273 613 321 coam
636 275 711 319 num
834 255 952 341 [anxur.
968 251 1039 338 ³3³]

263 449 365 500 Anxiete
377 449 408 499 de
419 448 525 514 Darius,
539 463 569 498 ιιι
580 448 683 498 marche
694 461 751 498 vers
763 446 916 513 l'Euphrato.

176 571 227 632 ΙΙΙ.
245 573 279 649 [l]
295 570 455 648 Thymodes
477 577 565 647 erat¹,
585 569 724 630 Mentoris
747 571 834 643 fliius,
853 571 976 647 impiger
994 575 1042 649 jn-

141 663 221 719 venis
236 681 243 718 :
265 661 309 719 cui
323 666 495 736 preceptum
510 665 553 719 est
566 675 583 718 a
597 672 666 734 rege
682 665 720 734 ¹ut
735 677 834 718 omnes
848 661 1042 734 peregrinos¹

140 749 255 822 milltes,
279 751 308 808 in
327 751 392 824 quis
412 751 568 823 plurimum
586 746 799 822 babebatspei,
821 767 839 806 a
858 749 1042 809 Pharnabazo

140 841 296 912 acciperet:
319 855 406 912 opera
426 854 526 897 eorum
544 851 666 895 usurum
679 852 711 895 se
725 836 755 894 in
774 837 859 896 bello.
876 837 933 910 Ipsi
948 837 1042 895 Phar-

141 929 245 987 nabazo
260 928 347 986 tradit
359 927 520 1002 imperium,
534 929 611 1001 quod
623 930 707 984 antea
719 926 865 984 Memnoni
878 927 1004 985 dederat.

119 1045 137 1083 χ
175 1015 211 1090 [A]
226 1017 347 1072 Anxium
360 1017 405 1073 dle
419 1012 593 1073 instantibus
612 1015 690 1072 curis
716 1014 865 1087 agitabant
884 1016 971 1072 etiam
989 1031 1043 1087 per

141 1119 274 1162 somnum
296 1103 404 1177 specics
425 1103 635 1162 imminentium
658 1115 766 1174 rerum,
789 1104 850 1161 sive
870 1103 935 1160 lllas
957 1103 1042 1177 egri-

140 1195 219 1262 tudo,
234 1192 294 1251 sive
309 1191 444 1250 diuinatio
463 1191 549 1250 animi
566 1191 765 1265 praesagientis
783 1191 922 1249 accersiit.
940 1191 975 1266 [31
988 1191 1042 1248 Ga-

141 1286 199 1337 stra
210 1283 359 1338 Alexandri
370 1295 474 1354 magno
489 1279 565 1353 ignis
574 1279 687 1353 Arlgcre
697 1281 837 1338 collucere
851 1279 876 1338 ei
886 1282 949 1337 visa
962 1284 1040 1353 sunt,

140 1373 169 1425 et
189 1371 273 1442 paulo
292 1373 357 1442 post
376 1369 532 1426 Alexander
552 1369 653 1426 adduci
674 1369 711 1427 ad
730 1369 824 1441 lpsnm
844 1370 874 1426 in
895 1386 928 1427 eo
952 1370 1041 1427 vestis

140 1457 258 1513 habitu³
289 1469 345 1528 quo
371 1457 431 1530 ipse
454 1455 569 1526 luisset,
597 1473 671 1530 equo
694 1457 796 1515 deinde
821 1471 873 1530 per
897 1457 1042 1532 Babylona

142 1549 247 1614 vectus,
260 1543 354 1601 subito
368 1543 507 1616 cumipse
521 1560 594 1617 equo
607 1544 698 1602 oeulis
711 1562 774 1602 esse
786 1545 952 1602 subductus.

177 1631 212 1706 [A]
233 1633 276 1688 Ad
303 1631 384 1690 haec⁴
407 1637 486 1689 vates
512 1633 592 1689 varia
613 1633 848 1705 interpretatione
877 1649 975 1690 curam
999 1632 1041 1689 di·

141 1721 334 1779 strinxerant⁶
346 1741 353 1777 ε
367 1720 414 1779 alii
431 1719 529 1778 laetum
546 1719 575 1777 ld
585 1721 648 1795 regi
662 1716 805 1779 somnium
817 1737 880 1779 esse
898 1722 1041 1793 dicebant,

141 1810 217 1883 quod
229 1814 323 1868 castra
339 1800 466 1867 hostium
485 1810 632 1879 arsissent,
648 1810 725 1883 quod
741 1810 942 1881 Alexandrum,
955 1813 1043 1884 depo·

141 1900 196 1957 sita
210 1900 289 1972 regia
299 1902 389 1968 veste,
403 1898 433 1954 in
449 1890 563 1954 Persico
579 1902 609 1956 et
626 1898 739 1971 vulgari
755 1899 854 1956 babitu
873 1899 1044 1972 perductum

140 1988 176 2044 ad
190 2006 220 2046 se
233 1988 365 2056 vidisset,
382 1984 415 2060 [5]
431 1984 547 2060 quidam
561 2000 618 2042 non
632 2002 640 2041 ε
655 1987 871 2059 augurabantur
888 1990 993 2061 quippe
1007 1990 1044 2046 il·

140 2077 242 2132 lustria
256 2076 442 2132 Macedonum
460 2076 554 2130 castre
570 2073 633 2129 visa
648 2073 790 2145 fulgorem
805 2075 962 2133 Alexandro
974 2094 1045 2149 por·
1147 2135 1150 2142 ,

140 2164 265 2233 tendere,
281 2176 337 2235 quo
360 2163 431 2217 duee
453 2175 575 2232 regnum
592 2160 665 2216 Asiae
684 2163 874 2234 occuparent·
894 2178 927 2219 ex
941 2163 1044 2223 habitu

141 2268 203 2309 csse
217 2251 294 2307 haud
307 2250 447 2321 ambigue
459 2244 511 2318 rei,
521 2247 657 2322 quoniam
666 2249 696 2303 in
707 2248 807 2306 eodem
821 2250 921 2307 habitu
935 2252 1046 2311 Darius

141 2338 251 2406 luisset,
263 2353 328 2394 cum
337 2336 495 2410 appellatus
505 2338 566 2394 est'
576 2343 637 2392 rex.
650 2315 799 2408 [livetera
808 2352 922 2410 quoque
932 2340 1045 2411 omina,

140 2430 173 2481 ut
184 2425 245 2481 fieri
258 2426 341 2493 solet,
356 2424 518 2480 sollicitudo
533 2426 735 2479 revocaverat:
750 2425 954 2480 recensebant⁸
964 2427 1048 2487 enim

141 2512 269 2584 Darium,
284 2512 314 2568 in
328 2512 467 2583 principio
486 2511 608 2581 imperii,
627 2509 761 2581 vaginam
779 2510 922 2568 acinacis·
945 2513 1050 2573 Persi-

141 2614 202 2655 cam
217 2600 337 2672 jussissc
355 2600 459 2655 mutari
481 2600 510 2655 in
528 2616 591 2656 eam
609 2600 732 2655 formam
750 2615 807 2673 qua
820 2600 909 2656 Graeei
923 2607 1051 2662 uteren-

140 2694 197 2759 tur,
213 2689 399 2762 protinusque
412 2688 559 2747 Chaldaeos
571 2688 775 2761 interpretatos
796 2688 950 2761 imperium
968 2693 1052 2752 Per·
1145 2684 1147 2689 ’

165 2864 200 2907 ΙΙΙ.
218 2872 236 2909 1.
246 2862 375 2919 Theriodes
387 2867 443 2914 erat,
452 2866 501 2904 tour
513 2860 562 2916 pot
615 2862 675 2904 lls'at.
692 2885 719 2894 -
731 2868 752 2906 o.
764 2869 905 2917 occuparant
915 2866 1023 2921 tquivam
1037 2874 1054 2919 a

140 2924 206 2979 tique.
227 2947 254 2957 -
279 2930 300 2968 2.
319 2923 465 2978 percontans,
484 2932 563 2963 merce
617 2924 758 2976 occupaturi
771 2931 847 2968 ment
860 2928 1055 2976 Macedones.-

140 2986 210 3027 naires
222 2996 291 3038 grece.
306 3009 332 3017 -
349 2986 369 3028 t.
386 2982 455 3026 oretis
470 2982 560 3031 babitu,
617 2990 636 3028 7.
649 2994 704 3027 cum
716 2987 848 3040 appellatos
860 2993 901 3042 eet,
914 3000 964 3044 roy.
978 2992 1053 3043 Rem,

140 3058 188 3099 νος.
199 3047 262 3089 Rern.
272 3054 317 3092 roo.
330 3069 357 3078 -
367 3050 388 3090 A.
403 3044 435 3088 od
444 3042 500 3096 Aeo,
509 3044 563 3086 rela-
618 3049 883 3102 ltt.—t.reeeoeebont,
890 3049 1056 3105 snivimomme

140 3106 326 3151 lismonte-5.
337 3118 421 3150 euram
433 3104 563 3148 oe'aetn'one
617 3104 653 3159 ici,
664 3108 714 3150 d’un
726 3110 830 3153 nonnul
838 3115 861 3153 et
875 3112 926 3155 d'un
943 3114 1048 3165 infinitis

140 3166 564 3220 root,pourmmumcort⁸oooetmo
616 3170 692 3214 c.-d·d.
703 3172 767 3214 d'nne
778 3172 910 3227 proposition
925 3158 1055 3240 infinitivo:
1103 3168 1108 3177 ’

140 3228 332 3273 dietmarum:
347 3233 416 3280 omer,
437 3238 486 3282 roy.
503 3228 562 3271 Diod.
619 3228 715 3283 n'estpas
726 3230 840 3286 classique.
854 3237 1056 3298 wadnam,
1138 3262 1143 3275 .
