2317 3500
136 128 209 214 [aad
228 128 298 210 330]
508 147 605 192 urana
626 149 657 194 v.
985 142 1038 197 153

134 261 283 317 Difficilius
303 259 357 316 sibi
371 276 434 317 esse
453 262 589 320 damnare
604 279 690 337 quam
702 263 802 337 decipi.
820 265 963 338 Quicquid
978 267 1037 324 fors

134 351 256 420 tulisset,
271 349 346 405 inter
359 365 428 406 suos
443 351 552 424 perpeti
568 353 654 408 malle
668 369 755 426 quam
769 355 949 430 transfugam
963 354 1036 412 fieri.

135 441 206 496 Sero
236 457 267 495 se
298 439 435 512 perirest,
455 439 480 496 si
501 441 614 498 salvum
640 454 703 498 esse
727 441 833 499 milites
852 444 897 500 sui
915 444 1036 501 nollent.

134 526 188 603 [12]
216 528 341 598 Patron,
371 529 523 601 desperate
550 530 629 603 regis
654 532 761 599 salute,
788 533 824 588 ad
852 549 902 589 eos
933 533 1038 607 quibus
1110 572 1112 578 -

133 620 254 690 praeerat
267 616 363 689 rediit,
378 618 534 690 omniapro
548 618 604 674 fide
616 623 639 658 ¹⁸
653 619 773 692 experiri
792 623 918 691 paratus.

380 845 469 896 itarius
484 845 626 910 prisonnier
640 848 671 899 da
685 847 787 899 Bessus.

170 983 229 1040 Xll.
250 984 285 1058 [ll
299 986 336 1040 At
348 982 455 1040 Bessus
463 983 609 1040 occidendi
622 984 773 1056 protinus¹
784 985 862 1058 regis
877 984 1037 1058 impetum'

133 1075 254 1144 ceperat.
277 1071 335 1129 Sed
354 1071 519 1128 veritusne
539 1071 663 1144 gratiam
683 1073 845 1143 Alexandri,
861 1074 917 1130 uisi
939 1073 1036 1130 vivum

133 1176 199 1215 eum
213 1159 390 1231 tradidisset,
413 1159 486 1216 inire
505 1175 563 1217 non
584 1163 691 1233 posset,
716 1161 804 1216 ditato
826 1160 855 1216 in
876 1161 1035 1233 proximam

133 1253 245 1305 noctem
255 1248 370 1306 sceleris
381 1248 532 1329 consiiio‘,
547 1265 632 1322 agere
645 1247 709 1324 cepi
722 1248 830 1322 gratias
845 1249 944 1322 incipit
958 1253 1034 1324 quod

133 1338 254 1410 pcrfidi‘
265 1337 390 1395 hominis
407 1337 537 1408 insidias,
549 1337 609 1412 jam
628 1338 779 1395 Alexandri
793 1355 860 1410 opes
870 1339 1035 1415 spectantis,

132 1426 287 1498 prudenter
298 1430 437 1499 cauteque
452 1427 585 1483 vitasset:
603 1428 709 1483 donum
723 1432 805 1484 eum*
818 1427 894 1484 hosti
910 1429 1037 1485 laturum

134 1514 222 1572 fuisse
246 1515 324 1587 regis
352 1519 446 1587 caput.
473 1515 507 1589 [2]
527 1516 586 1573 Nec
610 1515 709 1574 mirari
734 1516 881 1574 hominem
905 1519 1036 1575 mercede

134 1603 305 1660 conductum
326 1602 423 1659 omnia
447 1603 553 1658 habere
573 1603 685 1658 venalia
700 1623 707 1658 ι
723 1603 786 1660 aine
808 1603 958 1677 pigneror,
973 1605 1035 1662 sine

132 1695 368 1763 rare⁷,terrarum
378 1691 456 1749 orbis
467 1691 623 1758 exsulem⁸,
635 1691 803 1763 ancipitem⁹
811 1693 923 1747 hostem
933 1693 969 1749 ad
979 1710 1033 1747 nu-

133 1787 194 1839 tum
209 1781 357 1837 licentium
370 1780 558 1837 circumferri.
569 1779 605 1853 [3]
622 1779 762 1851 Purganti
777 1781 879 1836 deiude
893 1797 935 1851 ae,
952 1782 1035 1838 deos-

134 1887 188 1943 que
200 1871 308 1943 patrios
318 1874 408 1927 testes
418 1869 483 1925 fidei
493 1885 552 1925 sua
561 1868 715 1936 invocanti,
731 1869 833 1923 Darius
845 1868 926 1925 vultu
940 1886 1034 1927 essen·

132 1960 264 2027 debatur,
283 1959 358 2015 haud
378 1958 483 2015 dubius
504 1957 574 2031 quin
593 1972 661 2013 vere
680 1957 859 2013 deterrentur
874 1972 891 2012 a
909 1955 1031 2016 Grecis:

131 2049 181 2105 sed
202 2063 235 2105 ao
249 2063 346 2105 rerum
365 2051 484 2105 ventum
509 2049 581 2115 erat,
606 2048 639 2101 ut
664 2048 722 2101 tam
746 2045 940 2117 periculosum
959 2050 1037 2105 esset

132 2152 188 2193 non
214 2138 330 2194 credere
352 2136 414 2193 suis
443 2152 530 2209 quam
553 2134 654 2206 decipi.
687 2134 721 2207 [t]
752 2152 808 2191 m
830 2134 922 2192 millia
943 2133 1039 2207 erant,

131 2242 254 2299 quorum
274 2224 411 2282 inclinata
429 2226 459 2281 in
477 2226 570 2282 scelus
590 2221 692 2280 levitas
707 2222 882 2280 timebatur:
903 2242 932 2280 ιν
946 2224 1036 2283 millia
1057 2256 1061 2263 ,

131 2314 237 2371 Patron
260 2315 407 2371 habehat:
429 2315 534 2389 quibua
556 2315 581 2370 si
602 2312 770 2369 credidisset
792 2314 914 2369 salutem
938 2329 1030 2389 suam,

132 2405 293 2461 demnata¹⁰
302 2404 482 2475 popularium
489 2405 554 2475 tide,
568 2401 721 2476 parricidio
733 2402 943 2459 excusationem
956 2404 1035 2462 vide-

130 2494 180 2549 bat
197 2492 303 2551 offerri.
326 2492 361 2568 [5]
381 2492 480 2567 ltaque
490 2490 666 2566 praeoptabat
678 2490 821 2547 immerito
836 2509 923 2565 quam
934 2497 956 2531 ¹¹
969 2492 1034 2567 jure

131 2582 244 2639 violari.

131 2712 196 2761 certe,
208 2720 231 2751 oa
243 2710 296 2764 qu'il
311 2722 325 2765 p
338 2721 350 2752 a
361 2710 387 2753 da
398 2710 487 2758 certain.
501 2710 553 2753 c'est

41 2819 43 2822 .
132 2781 180 2824 qua.
198 2792 224 2802 -
245 2776 278 2815 tt.
294 2783 382 2815 caroea
402 2774 487 2827 perire,
499 2770 554 2827 qu'ii

131 2831 209 2876 u'avait
222 2845 264 2888 que
279 2838 327 2889 trop
346 2836 403 2879 recu
421 2855 448 2867 ·-
466 2842 554 2889 aspro

130 2894 375 2991 onurtgardertsa
386 2897 423 2940 toi.
538 2950 544 2961 .

219 2956 238 2993 1.
248 2955 360 3004 protenus
372 2955 434 3007 porte
445 2963 482 2994 sur
494 2962 554 2994 occa-

132 3011 211 3055 draca
223 3034 249 3043 -
262 3019 284 3057 a.
294 3013 417 3068 metum,
425 3013 507 3058 violant
518 3013 555 3056 dd-

132 3072 170 3117 sir.
186 3096 210 3106 -
230 3079 250 3119 8.
261 3074 371 3129 wmiie'o,
389 3075 513 3120 l’extcutiou
530 3076 555 3118 da

133 3145 172 3178 sou
181 3134 317 3181 anua-s.
327 3138 414 3193 perfidi
428 3138 516 3193 desim
528 3136 555 3179 ici

607 2704 694 2749 Patron.
701 2729 727 2739 -
736 2712 755 2750 5.
762 2716 823 2759 eum,
828 2706 917 2749 Patron.
926 2710 977 2751 -ο,
982 2716 1035 2761 paq-

607 2781 672 2821 nore,
686 2781 736 2812 sans
748 2780 802 2822 gage
815 2769 841 2811 de
856 2768 973 2820 taediosae,
986 2779 1036 2810 sans

609 2829 695 2873 tamilla.
710 2851 737 2862 -
749 2836 768 2874 7.
780 2829 836 2882 tore,
850 2840 903 2883 pour
913 2828 993 2882 domo,
1003 2836 1036 2872 ast

609 2890 714 2947 poetique.
727 2913 754 2922 -
762 2897 782 2934 8.
793 2890 906 2941 soractem,
915 2900 964 2945 roy.
971 2890 1034 2933 Rem.

609 2958 643 2999 st·
655 2973 682 2985 -
700 2959 720 2997 9.
734 2952 868 3005 ancipitem,
881 2951 974 3006 dottant,
987 2952 1033 3007 pret

609 3016 621 3057 e
640 3012 710 3057 servir
730 3012 909 3056 indidtromment
936 3015 985 3056 tous
1005 3014 1036 3058 les

610 3074 684 3129 partis.
694 3097 721 3107 ·-
734 3081 765 3118 ιο.
779 3074 898 3128 ammata,
909 3086 957 3130 roy.
971 3073 1034 3119 Rem.

612 3144 644 3183 tt.
659 3161 683 3171 -
698 3144 730 3182 tt.
742 3148 820 3191 qrram,
836 3137 848 3181 a
862 3150 924 3182 cauae
940 3139 965 3181 do
975 3139 1035 3183 l'idea
