2317 3500
99 192 170 271 [dri
187 195 254 274 331]Ι
454 211 546 252 cinus
569 212 609 252 iv.
949 199 982 252 91

133 325 183 396 [ἳῖ]
199 325 290 381 Deleri
304 324 552 395 potuitexercitus,
566 324 591 381 si
601 328 784 398 quisvincere
799 343 886 383 ausus
900 328 985 393 esset,
1021 371 1023 376 .

97 415 146 468 sed
160 418 295 486 perpetua
308 413 421 469 fortuna
433 414 510 485 regis
530 413 633 469 avertit
647 413 711 470 inde
723 413 843 470 hostem.
857 414 903 470 Sic
917 414 987 468 Gra·

98 502 201 571 nicom,
225 506 269 557 tot
293 501 418 557 millibus
442 502 570 574 equitum
592 501 774 574 peditumque
801 504 830 558 in
853 503 987 559 ulteriore

98 590 235 644 stantibus
252 589 323 661 ripa,
347 589 499 660 superarit,
515 589 565 655 sic,
587 591 716 662 angustis
732 591 761 645 in
786 590 888 646 Ciliciae
912 591 987 646 calli·

99 679 189 749 tuest,
203 683 312 734 tantam
327 678 537 734 multitudinem
552 679 678 734 hostium
693 698 699 732 :
715 679 902 751 [23].audaciae
918 695 989 750 quo-

98 783 162 838 que,
186 783 241 838 qua
262 766 383 822 maxime
402 766 503 837 viguit,
524 766 670 822 miratio⁴⁴
689 767 779 822 minui
801 770 903 838 potest,
923 767 989 837 quia

99 871 249 925 numquam
266 855 294 908 in
309 855 460 909 discrimen
474 854 552 909 venit
571 871 606 910 an
615 859 637 893 ⁴⁵
657 859 762 911 temere
784 855 903 910 iecisset.
933 854 990 909 Ma-

97 959 181 1009 zaeuS,
192 943 251 1014 qui,
266 942 290 996 si
303 941 518 996 transeuntibus
532 941 637 996 tlumen
664 941 885 1011 supervenisset,
914 942 990 996 haud

99 1029 181 1085 dubie
193 1045 382 1101 oppressurus
394 1029 449 1084 tuit
463 1028 678 1100 incompositos,
694 1028 724 1084 in
744 1029 806 1099 ripa
820 1028 936 1084 demum
955 1029 990 1085 ad

96 1117 153 1189 jam
174 1121 350 1189 perarmatos
370 1115 535 1188 adequitare
555 1115 647 1186 coepit.
667 1115 718 1187 [tt]
741 1117 819 1172 llille
837 1118 990 1172 admodum

99 1206 207 1277 equites
221 1206 406 1276 praemiserat.
421 1204 550 1269 Quorum
567 1203 709 1274 paucitate
722 1204 879 1260 Alexander
901 1205 991 1275 explo-

99 1297 169 1360 rata,
189 1295 292 1350 deinde
316 1297 486 1364 contempta,
513 1293 677 1364 praelectum
703 1292 839 1348 Paeonum
864 1293 991 1364 equitum

99 1380 227 1437 Aristona
240 1381 341 1436 laxatis
349 1385 373 1418 ⁴⁰
387 1380 505 1436 habenis
519 1379 612 1436 invehi
631 1379 726 1452 jussit.
744 1380 795 1452 [25]
819 1379 942 1452 Insignis
957 1396 990 1436 eo

100 1469 142 1526 die
152 1485 248 1541 pugna
259 1468 388 1540 equitum
400 1472 429 1523 ct
440 1467 580 1539 praecipue
593 1467 734 1524 Aristonis
746 1468 813 1524 tuit:
826 1469 990 1541 praetectum

101 1558 239 1628 equitatus
248 1558 410 1622 Persarum,
422 1556 591 1626 Satropaten
597 1560 631 1624 ⁴⁷,
644 1557 751 1612 directa
758 1556 787 1612 in
799 1561 900 1629 guttur
910 1558 993 1613 hasta

101 1645 252 1711 transfixit;
270 1645 481 1717 fugientemque
493 1660 543 1715 per
563 1645 672 1701 medios
694 1645 790 1702 hostes
813 1650 991 1714 consecutus,

102 1750 132 1789 ex
144 1752 216 1807 equo
230 1732 424 1806 praecipitavit,
440 1734 468 1787 et
483 1732 638 1788 obluctanti
653 1731 748 1805 gladio
763 1737 847 1805 caput
859 1733 991 1805 dempsit,

102 1824 175 1893 quod
188 1823 310 1879 relatum
322 1836 504 1893 magnacum
519 1820 602 1876 laude
616 1822 681 1875 ante
697 1820 774 1891 regis
787 1822 872 1891 pedes
886 1820 980 1890 posuit

102 2067 196 2141 telipse
209 2077 241 2127 dc
259 2077 318 2129 lune
331 2093 338 2127 2
352 2078 501 2142 impression
515 2078 630 2143 produite
648 2092 691 2127 sur
712 2078 748 2127 les
767 2076 948 2127 Macedonicus.
962 2102 993 2115 —·

345 2149 407 2197 llort
419 2148 451 2198 de
468 2149 492 2198 la
505 2149 596 2197 lemme
607 2148 638 2199 de
650 2147 747 2202 Darius.

137 2296 169 2353 X.
193 2297 225 2370 [l]
242 2298 334 2355 Biduo
357 2298 414 2354 ibi¹
430 2299 548 2356 stativa⁹
563 2316 613 2355 rex
634 2298 733 2355 habuit
750 2318 756 2351 ε
773 2298 801 2354 in
816 2298 994 2369 proximum⁵

104 2385 201 2441 deinde
214 2387 392 2457 pronuntiari
407 2387 463 2443 iter
473 2388 569 2461 jussit,
580 2388 614 2461 [2]
626 2388 692 2457 Sed,
706 2387 800 2459 prima
814 2388 871 2443 sere
886 2386 992 2459 vigilia,

104 2473 171 2529 luna
197 2474 349 2530 deficiens⁴
369 2475 494 2546 primum
513 2476 635 2532 nitorem
662 2475 763 2531 sideris
788 2475 833 2532 sui
859 2474 993 2542 condidit,

104 2559 214 2629 deinde,
230 2563 380 2633 sanguinis
395 2564 488 2620 colore
509 2553 628 2631 suffuso,
651 2554 747 2621 lumen
769 2581 852 2620 enine
871 2561 993 2630 foedavit,

103 2647 287 2721 sollicitisque
302 2651 354 2705 sub
371 2650 465 2722 ipsum
482 2652 555 2708 tanti
578 2652 749 2709 discriminis
771 2668 868 2708 casum
893 2650 995 2722 ingens

102 2869 164 2911 enter
177 2881 208 2912 ce.
226 2892 254 2902 -—
272 2875 307 2914 ta.
321 2870 431 2923 cultibus,
444 2870 524 2918 de'fllts,
576 2875 609 2915 47.
631 2872 751 2925 Aristono,
777 2871 923 2923 Satropaten,
946 2878 995 2923 vop.

104 2949 130 2960 —
141 2936 174 2973 ll.
184 2932 281 2974 miratio
295 2936 328 2976 est
339 2943 379 2973 une
393 2932 522 2986 correction3
575 2932 639 2975 Rern.
650 2936 674 2976 ll
686 2936 706 2974 et
719 2939 751 2976 15.

103 2991 120 3032 il
134 2992 178 3034 taut
195 2992 288 3036 traduire
302 3005 307 3035 z
320 2998 402 3046 compte
421 2994 522 3047 deriget,
603 2996 630 3039 X.
645 3001 662 3039 l.
675 2995 717 3047 tbi,
725 3004 761 3036 sur
769 2994 799 3035 les
811 2991 874 3035 bords
881 2991 909 3033 du
919 2990 993 3045 Tigre.

104 3052 180 3106 blame,
201 3054 220 3096 si
241 3055 282 3097 l'on
301 3066 401 3096 conserve
414 3055 485 3097 ratio.
498 3076 525 3087 -
576 3080 602 3089 -
622 3064 641 3099 2.
654 3057 745 3108 stativa,
758 3066 805 3109 roy.
821 3054 880 3095 Dict.
898 3054 957 3097 Htst.
969 3066 995 3097 au

104 3120 136 3160 tt.
147 3118 365 3173 oo,rop.flcm.1ot.
379 3122 449 3161 -46,
461 3118 526 3162 tocc-
578 3124 716 3161 moteastrc.
731 3138 757 3147 -
775 3123 796 3159 3.
811 3115 836 3156 to
848 3117 994 3169 procinctus,

105 3176 142 3224 tte.
167 3180 266 3242 poetique
291 3190 345 3234 pour
364 3180 478 3224 renone.
498 3202 525 3213 ·-
547 3225 552 3239 ,
578 3178 995 3233 cousentcndudtem.-t.dcttctena,
