2317 3500
15 3203 19 3230 t

22 161 37 209 ,)

120 108 195 190 [nrt
208 111 276 194 330]
492 131 584 174 tisun
606 131 635 172 v.
961 121 1009 176 161

118 258 216 315 regom
227 247 256 299 et
269 246 362 300 virum
374 247 513 302 fallerent.
531 245 580 301 llle
594 244 719 318 quidem,
735 253 883 302 seoiirus²⁹
897 247 1013 318 periculi

118 332 197 402 quod
204 332 335 402 instabat,
350 335 500 391 Alexandri
515 351 628 402 manus,
642 350 713 406 quas
722 335 798 390 solas
806 336 934 402 timebat,
949 336 1014 392 effu·

117 435 187 491 gere
200 424 377 493 properabat.

158 662 191 711 Le
206 662 267 712 Greo
282 665 371 713 Patron
384 665 494 714 ddnonoe
505 664 529 713 ie
541 665 651 729 complot
663 667 688 714 et
701 664 763 714 offro
775 665 790 712 d
800 664 890 714 Darius
900 664 930 714 de
947 665 969 714 le

249 736 366 786 detendre
384 752 446 787 aveo
461 751 502 786 ses
515 736 699 788 meroenaires:
714 737 782 787 retus
795 736 828 785 du
843 736 889 786 roi.

157 875 201 933 ΧΙ.
224 875 259 954 [1]
284 878 390 935 Patron
411 882 517 948 autem,
537 881 700 937 Graecorum
721 881 787 947 dux,
808 877 935 952 praeoipit
953 879 1013 934 suis

120 967 152 1020 ut
166 973 272 1035 arma¹‚
288 967 385 1040 quaein
401 967 519 1024 sarcinis
530 972 613 1024 antea
627 969 800 1038 ferebantur,
809 967 969 1036 induerent,
977 969 1011 1024 ad

119 1069 203 1108 omne
220 1054 370 1127 imperium
385 1074 470 1112 suum
488 1056 579 1128 parati
599 1060 627 1111 et
641 1056 752 1112 intenti.
769 1057 802 1128 [2]
819 1055 882 1128 lpse
896 1071 1012 1111 ourrum

119 1140 195 1213 regis
215 1145 395 1216 sequebatur,
412 1144 550 1201 occasioni
563 1143 737 1200 imminens²
751 1143 911 1216 alloquendi
936 1159 1010 1211 eum,

120 1232 224 1302 quippe
238 1231 318 1288 Bessi
333 1234 441 1290 facinus
452 1235 651 1306 praesenserat.
670 1232 727 1288 Sed
738 1232 853 1302 Bessus
872 1230 901 1285 id
918 1231 1011 1302 ipsum

120 1321 259 1390 metuens,
279 1325 376 1378 eustos
391 1323 487 1378 verius
502 1339 589 1396 quam
609 1338 714 1387 cornea,
733 1338 749 1377 a
763 1336 847 1376 curru
860 1335 918 1375 non
936 1321 1010 1375 reo'e-

121 1405 214 1462 debat.
227 1407 263 1481 [3]
276 1409 329 1464 Diu
343 1426 415 1482 orgo·
422 1411 528 1466 Patron
542 1413 703 1477 cunctatus,
719 1426 750 1465 ae
764 1407 866 1480 saepius
880 1423 1012 1464 sermone

120 1500 293 1567 revocatus³‚
313 1498 387 1554 inter
409 1499 494 1556 fidem
520 1500 710 1572 timoremque
736 1499 884 1566 haesitans,
914 1513 1011 1570 regem

122 1583 293 1642 intuebatur.
309 1587 341 1660 [t]
358 1589 423 1660 Qui,
441 1593 473 1644 ut
488 1590 602 1645 tandem
618 1587 860 1656 adveniremus,
880 1586 1011 1643 Bubacen

118 1673 283 1742 spadonem,
296 1675 371 1731 inter
382 1677 648 1746 proximoseurrum
663 1677 838 1747 sequentem,
853 1675 1010 1744 percontari

118 1761 198 1832 jubet
217 1764 355 1835 numquid
374 1765 426 1837 ipsi
448 1766 515 1822 velit
536 1765 641 1822 dicere.
663 1765 770 1819 Patron
796 1779 826 1818 se
846 1768 946 1828 vero⁴‚
961 1765 1012 1819 sed

119 1850 237 1907 remotis
252 1852 377 1921 arbitris,
391 1854 468 1927 loqui
477 1856 549 1911 velle
559 1870 625 1910 oum
638 1870 672 1910 oo
686 1850 846 1923 respondit;
856 1850 1011 1922 jussusque

120 1939 237 2009 propius
259 1942 389 1997 aooedere
416 1943 477 1999 sine
500 1943 656 2014 interprete
680 1970 713 1982 -
737 1954 804 1995 nam
827 1938 903 1993 haud
931 1939 1010 1995 rudis

122 2025 223 2080 Graecae
236 2026 340 2099 lingua
354 2028 456 2085 Darius
468 2034 529 2087 erat
544 2050 551 2085 ι
569 2060 604 2071 -
626 2029 663 2102 [5]
680 2028 765 2083 «Rex
777 2046 802 2096 ”t
823 2024 925 2098 inquii,
949 2044 962 2077 «
977 2040 1010 2080 θΧ

121 2111 289 2168 amillibus⁸
302 2114 462 2173 Graeoorum
476 2133 662 2189 supersumus
677 2114 768 2187 pauci,
781 2113 874 2170 omnis
889 2114 1012 2176 fortunae,

122 2201 319 2275 insonantes,
341 2208 370 2260 et
389 2206 418 2260 in
439 2207 492 2263 hoo
511 2212 561 2263 tuo
580 2210 657 2263 statu
671 2206 746 2260 idem
761 2202 820 2276 qui,
836 2202 954 2259 florente
969 2205 1008 2269 te,

122 2290 236 2359 fuimus,
246 2307 436 2365 quascumque
443 2297 535 2351 terras
544 2294 674 2367 elegeris,
690 2309 741 2365 pro
755 2291 883 2363 patriast
900 2305 1010 2347 eomes-

122 2376 184 2431 tieis
207 2379 290 2432 rebus
310 2380 433 2450 petituri.
459 2384 494 2456 [6]
517 2384 654 2441 Secundae
678 2383 861 2452 adversaque
883 2396 932 2439 res
953 2383 1008 2436 tuae

124 2462 287 2533 eopulavere
306 2483 358 2522 nos
373 2471 474 2527 tenum.
496 2473 552 2530 Per
569 2474 642 2528 hano
662 2470 746 2525 fidem
764 2468 897 2525 invictam
916 2485 966 2525 oro
981 2472 1010 2525 et

123 2669 175 2714 pour
196 2658 314 2711 adbibita,
333 2664 365 2702 est
385 2661 489 2717 pottique.
511 2690 538 2699 -
590 2667 667 2721 parler,
681 2678 708 2709 ou
721 2678 726 2709 :
739 2670 802 2722 ayant
820 2666 852 2709 tte
871 2664 972 2721 ompdebd
984 2666 1010 2709 de

122 2728 154 2767 29.
168 2732 271 2774 emm,
283 2732 331 2778 vop.
343 2722 406 2766 Hm.
418 2729 451 2770 ot.
589 2728 659 2782 parler
671 2730 718 2782 (par
730 2741 771 2771 une
787 2728 934 2771 circonstaneo
950 2728 1011 2780 quel-

145 2784 182 2827 xl.
190 2791 208 2827 ι.
217 2796 286 2827 mio
295 2784 382 2840 designo
391 2786 418 2830 iei
426 2789 457 2831 tes
469 2801 538 2832 armes
590 2793 694 2845 conque);
707 2789 728 2833 te
741 2791 832 2845 premier
845 2801 894 2831 sens
910 2789 978 2843 parsit
991 2790 1011 2832 te

122 2846 244 2900 defensivus,
258 2846 358 2902 mirasse,
377 2855 426 2903 eto.;
447 2864 471 2893 ee
485 2852 539 2894 n'est
590 2851 694 2904 meilleur,
707 2853 790 2893 aeauso
798 2851 827 2894 du
835 2850 973 2903 intertiatam
983 2834 1014 2892 ttj

122 2910 174 2952 dono
185 2921 222 2964 pas
231 2922 271 2951 uno
284 2912 397 2966 repetition
408 2914 437 2955 du
450 2916 461 2962 5
473 2922 495 2957 ι5
509 2914 537 2955 du
590 2924 723 2966 moremque
731 2914 841 2955 limitans
850 2925 856 2964 ς
866 2922 919 2965 pour
932 2912 952 2953 la
962 2924 1012 2955 eou-

122 2972 181 3026 obap.
197 2984 226 3015 rx.
246 2996 273 3004 —
287 2982 307 3018 2.
328 2975 449 3017 oeweiont
459 2975 539 3016 immi-
591 2975 877 3029 structionaopttomdot.
886 2976 940 3015 -t.
949 2984 1011 3025 vero,

122 3045 185 3087 nem,
194 3035 265 3089 tpiaut
278 3036 399 3080 l'oocasion.
412 3056 441 3067 -
451 3040 540 3078 areno-
591 3037 720 3079 re'ellemont.
734 3058 761 3067 -
778 3042 798 3079 t.
813 3034 951 3087 amioum,
966 3047 1011 3090 roy.

123 3096 540 3152 mtatomonas'ttantretenude
592 3098 654 3141 Rem.
677 3104 709 3143 ⁸3.
731 3096 760 3141 Ge
788 3097 861 3139 enidro
883 3101 916 3141 est
932 3092 1013 3153 justitio

184 3186 383 3230 ouinrn-cuncs.
471 3213 474 3218 ,
870 3179 894 3228 lt
